4390 5838
1162 885 2544 1001 COMMENTATIO

1745 1092 1955 1182 DE

468 1274 1383 1434 CVerS
1553 1275 3239 1446 TRA.CTORIIS·‚

1642 1583 2032 1671 Auctore

1413 1770 1514 1860 L.
1612 1769 1690 1860 E
1727 1770 1800 1858 V
1828 1774 1900 1861 L
1929 1775 2006 1861 E
2037 1760 2117 1861 R
2158 1773 2273 1864 Ο.

900 2089 911 2098 ’
1015 2081 1390 2187 (ἷόἰιιιενιι.
1460 2097 1734 2188 exhib.
1792 2105 1873 2186 d.
1944 2130 2086 2206 19.
2156 2099 2332 2184 Iun.
2397 2127 2670 2210 1775.

1720 2445 1797 2560 §·
1877 2472 1962 2532 1.

256 2590 604 2822 Quae
674 2636 891 2728 olim
959 2670 1007 2729 a
1045 2639 1535 2750 Geometris
1608 2640 1716 2726 de
1788 2641 2075 2736 curuis
2145 2638 2580 2740 tractoriis,
2638 2638 3445 2758 suntinueffigata,

517 2798 1003 2885 quanquam
1073 2773 1178 2860 ad
1250 2771 1720 2858 doctrinam
1788 2790 2081 2856 motus
2142 2772 2579 2883 pertinere
2630 2772 3086 2883 videntur,
3155 2793 3445 2860 tamen

94 2907 103 2912 ’
253 2904 472 2989 nullo
540 2904 817 2988 modo
906 2902 1014 2988 ad
1078 2889 1691 2989 Mechanicam
1787 2897 2085 2989 referri
2188 2899 2575 3010 poffunt:
2678 2901 3112 2988 eiusmodi
3208 2905 3447 2991 enim

250 3031 689 3144 hypothesi
755 3032 1285 3141 innituntur,
1358 3057 1572 3142 quae
1629 3032 1854 3118 veris
1923 3029 2366 3144 principiis
2436 3047 2746 3139 motus
2795 3030 3240 3119 manifesto
3308 3060 3447 3120 re-

252 3162 632 3275 fragatur.
772 3161 1085 3248 Nihilo
1152 3187 1364 3246 vero
1432 3162 1717 3245 minus
1756 3218 1787 3267 ‚
1889 3158 2232 3253 admifl'a
2332 3156 2477 3242 ista
2573 3158 3077 3275 hypothesi,
3177 3162 3236 3246 fi
3301 3190 3440 3249 res

250 3298 558 3378 tantum
660 3283 1192 3403 geometrice
1298 3290 1949 3396 consideretur,
2036 3286 2252 3401 quae
2354 3282 2604 3396 super
2671 3287 2859 3374 hoc
2928 3311 3440 3402 argumento

246 3408 417 3506 sunt
474 3420 834 3506 inuenta
903 3421 1144 3505 omni
1212 3421 1685 3505 attentione
1755 3417 2013 3528 digna
2090 3416 2283 3501 sunt
2365 3402 2804 3526 putanda,
2893 3416 3144 3530 atque
3217 3412 3440 3507 adeo

92 3520 95 3545 ἶ
244 3536 337 3638 ab
399 3549 929 3663 experientia
992 3550 1148 3636 vix
1229 3549 1616 3636 aberrare
1699 3545 2003 3630 solent.
2145 3542 2748 3658 Quamobrem
2815 3545 3045 3633 haud
3128 3548 3435 3635 inutile

247 3675 414 3766 fore
513 3679 936 3787 arbitror,
1035 3698 1323 3764 totum
1389 3674 1564 3764 hoc
1648 3675 2102 3786 negotium
2207 3673 2678 3762 accuratius
2763 3676 3279 3792 perscrutari
3347 3696 3439 3765 et

242 3810 694 3897 secundum
758 3834 960 3951 vera
1026 3827 1317 3895 motus
1383 3805 1805 3921 principia
1872 3805 2368 3947 diiudicare.

614 4066 688 4178 §.
769 4093 851 4149 2.
989 4058 1524 4155 Confiderari
1596 4080 1883 4152 autem
1953 4063 2174 4151 solet
2236 4065 2427 4176 via,
2500 4088 2758 4180 quam
2828 4067 3438 4177 corpusculum

92 4306 95 4321 .
241 4195 467 4308 super
594 4197 856 4309 plano
955 4196 1480 4283 horizontali
1581 4193 2051 4303 describit,
2148 4196 2359 4280 dum
2465 4210 2635 4308 'ope
2705 4192 2861 4305 ,fili
2966 4194 3432 4291 secundum

92 4366 95 4391 ÷
239 4323 541 4417 lineam
646 4327 817 4412 siue
937 4328 1251 4412 restam
1364 4326 1537 4415 fine
1656 4350 2005 4411 curnam
2120 4324 2649 4436 protrahitur
2686 4356 2742 4449 ς.
2835 4341 3091 4447 atque
3213 4330 3428 4416 haec

244 4455 609 4562 quaestio
709 4457 826 4540 ita
923 4456 1027 4545 ad
1128 4453 1723 4544 Geometriam
1828 4452 2220 4545 reuocari
2322 4454 2585 4565 solet,
2700 4471 2799 4540 vt
2902 4481 3163 4544 curua
3279 4459 3427 4543 de-

238 4582 527 4696 scripta
629 4598 1051 4697 Perpetuo
1118 4613 1165 4671 a
1237 4585 1703 4670 directione
1770 4579 1897 4668 fili
1964 4600 2407 4696 tangatur,
2508 4606 2762 4699 atque
2831 4585 3050 4670 adeo
3119 4610 3422 4674 omnes

236 4726 669 4881 tangentes
736 4714 966 4802 istius
1034 4741 1346 4807 curuae
1412 4714 1891 4931 descripta}
1917 4739 2195 4827 vsque
2247 4714 2356 4803 ad
2424 4715 2790 4830 lineam,
2855 4715 3096 4803 iuxta
3166 4740 3425 4935 {illam

476 4872 515 4897 ..-
1959 4867 2012 4924 α
3276 4871 3431 4933 um
