4390 5838
1963 524 2270 553 ---
2335 492 2648 609 (246)
2716 534 3022 587 a

896 737 1305 823 seriorem
1375 722 1849 838 marginem
1920 742 2284 810 coronat
2352 724 2603 811 series
2676 725 3152 831 officulorum
3236 722 3320 836 (e
3386 723 3498 837 e.)
3596 743 4136 814 concatena-

894 887 1243 979 torum²
1342 886 1392 943 e
1479 858 1811 969 lapidea
1892 853 2406 965 fragilissima
2491 854 2925 942 substantia
3018 855 3483 963 fastorum,
3586 881 3804 966 quae
3899 858 4128 967 (fig.

895 998 1089 1104 37.)
1165 984 1552 1076 tricruria
1622 987 1856 1090 sunt,
1925 1011 2102 1068 vno
2173 1011 2419 1069 crure
2491 1002 2881 1071 truncato
2933 985 3217 1071 versus
3289 1011 3388 1069 os
3461 984 3817 1091 directa,
3885 988 4128 1072 duo-

895 1124 1050 1208 bus
1121 1117 1667 1205 inferioribus
1736 1116 1961 1199 inter
2028 1114 2108 1198 se
2179 1132 2734 1200 concatenata
2770 1112 2969 1227 (fig.
3013 1122 3161 1216 36.
3171 1115 3240 1225 ).
3313 1108 3658 1226 Musculi
3724 1113 4123 1226 quinque

890 1254 1015 1361 (d.
1054 1253 1131 1334 d.
1173 1250 1296 1358 d.)
1368 1247 1767 1357 insignes,
1811 1244 2036 1328 circa
2105 1245 2277 1328 hoc
2345 1262 2853 1357 tympanum
2918 1244 3061 1329 seu
3127 1242 3748 1330 ventriculum
3741 1244 4122 1356 inserti,

900 1383 1147 1469 illum
1222 1378 1500 1463 fundo
1572 1372 2007 1459 testudinis
2079 1374 2489 1484 adligant.

1285 1659 1365 1744 E
1435 1658 1732 1744 medio
1805 1656 2008 1741 disci
2076 1657 2444 1742 officulis
2516 1659 2764 1745 cinsti
2832 1658 3117 1770 pergit
3181 1656 3611 1769 'intestinum
3659 1653 3828 1773 (f.)
3870 1684 4121 1773 mag-

893 1809 1123 1876 mate
1194 1790 1500 1902 gryseo
1567 1786 1978 1899 plenum,
2048 1786 2583 1894 flexuosum,
2653 1788 3218 1900 inseriturque
3279 1780 3670 1900 'vqficulae
3735 1787 3909 1902 (g.)
3956 1816 4118 1877 va-

900 1945 1160 2026 cuae,
1234 1920 1462 2002 intus
1534 1916 1932 2029 glabrae,
2004 1943 2220 2027 quae
2290 1916 2562 2003 altero
2631 1917 2972 2002 orificio
3043 1918 3426 2004 animalis
3494 1917 3695 2029 (fig.
3769 1944 3921 2027 34.
3977 1917 4114 2031 b.)

895 2048 1407 2158 respondet,
1513 2065 1600 2130 et
1687 2049 1912 2135 circa
2003 2073 2262 2158 quam
2344 2070 2663 2161 corpus
2749 2045 3152 2132 tubuloso
3235 2045 3642 2134 fibrosum
3739 2049 4115 2160 haeret,

901 2178 1137 2289 quod
1206 2175 1579 2261 scrutari·
1622 2174 1850 2261 haud
1921 2175 2203 2288 potui.
2683 2206 2688 2215 ¹
2953 2218 2960 2227 ·
3743 2226 3748 2229 -

1296 2429 1727 2519 Ventriculi
1793 2432 2191 2519 structura
2254 2431 2553 2547 vtique
2620 2430 2984 2519 Affiniis
3053 2434 3639 2523 ambulatoriis
3706 2434 3848 2523 seu
3911 2424 4118 2524 Ho-

896 2561 1297 2647 lothuriis
1368 2558 1615 2646 affine
1682 2563 2054 2648 reddunt
2121 2563 2292 2648 hoc
2364 2563 2724 2671 animal,
2763 2563 2910 2648 nifi
2969 2565 3203 2677 quod
3269 2567 3530 2680 plano
3594 2565 3916 2655 laterali
3984 2567 4113 2654 at?-

902 2691 1179 2778 fixum
1245 2691 1641 2801 haereat,
1716 2691 2060 2779 duobus
2129 2691 2481 2779 orificiis
2523 2691 2876 2777 sursum
2941 2702 3267 2807 patena.

2374 2979 2626 3069 XIV.
2669 3029 2678 3036 -
2743 2993 2750 3004 ‘

1902 3279 1914 3294 ⁴
1986 3151 2368 3270 Ascidia
2461 3161 3017 3280 aurantium
3125 3227 3134 3236 ·

2070 3366 2266 3454 Tah.
2318 3367 2512 3456 VII.
2559 3372 2762 3484 fig.
2799 3400 2848 3477 3
2871 3392 2950 3467 8.

1295 3616 1527 3711 Cum
1588 3626 2139 3736 praecedenti
2210 3630 2676 3744 complura
2718 3630 3018 3778 {iccata
3079 3629 3562 3747 specimina
3601 3631 3863 3719 etiam
3943 3630 4112 3719 hu·
4162 3581 4179 3597 ⁶

910 3746 1049 3837 ius
1114 3776 1227 3838 ex
1290 3751 1584 3926 insulis
1659 3751 1981 3843 Curilis
2048 3757 2326 3846 adlata
2388 3760 2642 3846 sunt.·
2750 3783 2762 3792 ·

1299 4034 1782 4150 Magnitudo
1848 4039 2095 4156 saepe
2165 4046 2409 4158 pomi
2478 4049 2833 4136 aurantii
2903 4050 3282 4137 maioris.
3421 4047 3773 4156 Forma,
3868 4073 4109 4161 prae·

910 4173 1042 4246 ter
1106 4162 1331 4251 bafin
1390 4167 1877 4257 truncatam
1936 4173 2173 4259 testis
2242 4174 2733 4295 lapillisque
2798 4179 3304 4267 infidentem
3339 4198 3431 4266 et
3474 4180 3836 4362 papillas
3869 4176 4111 4266 oscu-

910 4289 1258 4406 liferas,
1321 4295 1864 4411 subglobosa.
2821 4341 2838 4356 ’
4083 4353 4090 4364 “

1296 4551 1623 4644 Corium
1688 4565 2142 4649 externum
2210 4566 2302 4651 in
2367 4564 2691 4655 ficcatis
2747 4570 3102 4684 passim
3072 4596 3161 4657 m
3203 4591 3552 4684 magnas
3599 4593 3850 4683 rugas
3908 4568 4110 4653 cris-

904 4695 1265 4802 patum,
1300 4686 1843 4792 naturaliter
1883 4693 2382 4811 aequabile,
2451 4701 3188 4816 tenacissimum‚
3173 4699 3926 4817 rigidiusculum,
3951 4695 4106 4782 vix

3826 4849 4094 4939 vngue
