4390 5838
1303 451 2016 566 uatum)
2077 483 2390 541 ΞΕ

93 757 96 792 ,
427 777 444 786 ,
631 682 712 799 ς.
788 705 935 786 13.
1011 679 1221 778 ‚Nili
1289 659 1551 794 igitur
1618 679 1813 774 istae
1879 635 2566 774 {ires‘la‘terales
2636 671 2755 764 ita
2792 665 3463 774 ,fiterint'com-

93 803 96 850 ⁵
240 832 631 936 paratae,
697 814 961 902 maria
1027 813 1117 897 in
1185 808 1624 924 superficie
1664 810 1997 894 Terrae
2064 807 2152 890 in
2222 806 2738 916 aequilibrio
2808 806 3229 905 subsistere
3301 836 3454 915 ne-

93 927 96 956 ⁵
242 963 625 1062 queunt,
723 943 868 1028 sed
933 941 1025 1025 in
1092 957 1508 1053 per-petua
1591 937 2053 1049 agitatione
2138 933 2755 1041 versarentur„
2821 934 2909 1018 id
2985 938 3247 1047 quod·
3285 940 3450 1042 im·-

93 1065 96 1152 1
239 1074 541 1189 primis
603 1071 1288 1182 intelligendum
1373 1067 1586 1176 est„
1638 1065 1699 1154 fi
1767 1085 2002 1149 totus
2071 1061 2405 1174 Terrae
2490 1063 2809 1175 globus
2866 1088 3041 1167 ex·
3098 1067 3446 1172 materia

242 1204 504 1304 fluida
571 1199 1308 1308 constaret;‚„tum
1392 1196 1674 1304 euim,
1771 1192 2090 1288 etiamsi
2156 1190 2548 1301 suprema
2617 1190 3101 1304 superficies
3186 1194 3448 1298 talem

241 1330 602 1443 figuram
669 1328 1165 1438 accepisset,
1244 1343 1344 1412 vt
1403 1325 1627 1408 vires
1697 1322 2058 1426 totales,
2146 1320 2456 1431 quibus
2542 1320 3447 1433 fi‚n,gu13‚„pyne?ga‚jbi

243 1459 834 1564 sollicitantur,
901 1454 1161 1539 ess‘eut
1228 1454 1331 1538 ad
1398 1449 1664 1562 ipsam
1730 1448 2269 1562 superficiem
2336 1449 2819 1556 normales,
2858 1441 3169 1558 tamen,
3247 1452 3448 1560 quia

243 1588 329 1671 iu
393 1586 864 1673 maioribus
950 1578 1678 1693 profunditatibus
1764 1605 1982 1690 aqua
2070 1602 2246 1661 non
2335 1576 2565 1662 foret
2628 1579 2715 1661 in
2790 1579 3127 1685 quiete,
3229 1605 3447 1666 mox

245 1716 388 1801 ille
455 1715 653 1799 fitus
719 1710 1406 1825 perturbaretur,
1495 1732 1776 1819 neque
1844 1707 2110 1820 igitur
2178 1721 2360 1789 tota
2430 1706 2713 1792 Terra
2780 1706 2885 1790 ad
2955 1723 3277 1793 certam
3344 1706 3450 1792 fi·

248 1869 540 1959 guram
609 1840 690 1929 se
761 1862 1291 1953 componere
1354 1836 1659 1950 pofl‘et.

621 2121 698 2236 §-
761 2148 929 2230 ¹4·
1044 2117 1595 2208 Manifestum
1660 2130 1942 2206 autem
2013 2114 2177 2225 est,
2243 2114 2501 2203 talem
2567 2112 2856 2226 legem
2925 2116 3148 2204 circa
3213 2119 3441 2208 vires

248 2251 625 2341 laterales
694 2255 785 2338 in
852 2249 1024 2364 ipsa
1090 2268 1385 2335 natura
1449 2250 1745 2335 locum
1816 2245 2131 2331 habere
2188 2244 2437 2331 nullo
2478 2247 2747 2329 modo
2816 2248 3103 2356 posse,
3174 2275 3444 2359 quan-

252 2384 715 2493 doquidem
785 2407 946 2492 pro
1015 2378 1394 2492 minimis
1457 2404 1518 2462 a
1571 2392 1874 2492 centro
1909 2373 2261 2492 3Terrae
2326 2373 2728 2460 distantiis
2800 2375 2958 2459 hae
3027 2375 3246 2461 vires
3316 2379 3443 2465 la-

251 2512 544 2597 terales
611 2510 700 2593 in
768 2508 1199 2593 infinitum
1238 2505 1922 2612 ..excrescerent,
2023 2501 2510 2587 cuiusmodi
2597 2500 2943 2587 effectus
3014 2502 3116 2588 ab
3187 2521 3440 2591 attru-

245 2638 520 2723 fflone
589 2656 884 2723 mutua
951 2629 1453 2750 neutiquam
1519 2634 1724 2721 oriri
1790 2631 2110 2742 potest3
2178 2620 2407 2716 vnde
2475 2655 2638 2742 pro
2707 2650 2947 2715 certo
3017 2631 3435 2719 affirmare

248 2770 718 2877 pofl'umus:
793 2764 881 2851 Si
952 2781 1134 2849 tota
1167 2762 1445 2847 Terra
1513 2764 1717 2847 esset
1781 2760 2075 2864 fluida,
2137 2759 2328 2860 ,eius
2386 2758 2921 2872 superficiem
2991 2786 3436 2872 nunquam

248 2895 338 2981 ad
407 2894 688 2981 Vllum
753 2893 1055 2980 statum
1120 2889 1601 3003 aequilibrii
1667 2889 2119 3005 peruenire
2182 2888 2447 3001 poffe.

618 3188 696 3299 ς.
777 3209 924 3293 ις.
1063 3185 1293 3278 Cum
1361 3205 1647 3289 autem
1712 3187 2089 3276 maxime
2154 3187 2610 3274 verifimile
2677 3187 2826 3294 fit,
2906 3188 3169 3276 maria
3233 3215 3438 3274 nus-

247 3342 492 3429 quam
579 3335 902 3404 tantam
984 3319 1663 3432 profunditatem
1765 3309 2259 3430 occupare,
2360 3336 2458 3400 vt
2556 3315 3002 3401 discrimen
3104 3317 3432 3404 nostrae

244 3444 658 3532 formulae
758 3473 920 3558 pro
1028 3446 1084 3535 S
1191 3447 1585 3531 inuentae
1683 3472 1728 3531 a
1828 3471 2030 3531 vera
2146 3445 2343 3556 lege
2462 3445 2979 3530 attractionis
3016 3504 3047 3550 ,
3172 3471 3434 3558 quae·-

246 3586 575 3684 cunque‘
645 3600 743 3658 ea
811 3572 1122 3682 fuerit,
1222 3599 1600 3684 vnquam
1668 3574 1953 3659 sentiri
2026 3592 2326 3683 queat,
2410 3573 2789 3686 ideoque
2856 3575 3262 3686 perinde,
3327 3600 3432 3658 v-

244 3722 456 3786 trum
543 3703 769 3785 vires
856 3701 1246 3788 laterales
1333 3703 1695 3787 nostram
1783 3702 2067 3814 legem
2152 3701 2609 3812 sequantur
2676 3729 2774 3787 an
2844 3727 3056 3787 vero
3126 3727 3430 3815 quam-

245 3855 570 3942 cunque
640 3830 941 3936 aliam,
1005 3832 1302 3942 vtique
1370 3829 1554 3916 fieri
1620 3835 1989 3942 poterit,
2053 3847 2150 3912 vt
2200 3828 2638 3914 vniuersus
2688 3857 3066 3916 oceanus
3133 3833 3222 3916 in
3290 3859 3435 3917 ae-

93 4038 96 4073 ζ
244 3957 646 4069 quilibrio
711 3958 1106 4067 subsistat,
1173 3955 1590 4072 fiquidem
1658 3959 1802 4043 hic
1869 3959 1973 4045 ab
2041 3958 2380 4068 exiguis
2448 3958 3107 4069 agitationibus,
3210 3985 3426 4073 quae

93 4122 96 4175 ς
238 4113 280 4172 a
336 4086 731 4199 plurimis
803 4087 1087 4173 caustis
1158 4088 1361 4171 oriri
1430 4087 1800 4198 poffunt,
1870 4106 2249 4173 mentem
2318 4086 2932 4197 abstrahamus,
2988 4090 3434 4174 cuiusmo-

93 4272 94 4309 ;
238 4216 315 4300 di
380 4216 570 4301 sunt
603 4215 873 4323 venti,
940 4215 1363 4325 imprimis
1431 4236 1716 4302 autem
1782 4217 2140 4303 varietas
2212 4216 2547 4313 caloris,
2680 4214 2911 4303 Cum
2977 4219 3207 4302 enim
3278 4217 3429 4302 sub

93 4454 94 4459 Ν
240 4361 693 4453 aequatore
764 4344 1001 4428 calor
1065 4363 1490 4455 perpetuo
1579 4344 1859 4430 multo
1932 4346 2210 4431 maior
2274 4347 2371 4430 fit
2439 4372 2694 4458 quam
2756 4347 3043 4431 versus
3112 4346 3429 4457 polos»,

93 4482 96 4513 ‘'
225 4476 642 4582 quoniam
711 4472 829 4556 ibi
901 4472 1255 4561 denfitas
1324 4498 1589 4583 aquae
1662 4475 2101 4586 aliquanto
2169 4474 2456 4560 minor
2524 4476 2865 4583 euadit,
2933 4475 3429 4589 aequilibri-

93 4626 96 4725 [
236 4624 378 4711 um
446 4601 706 4685 etiam
777 4599 894 4684 ob
966 4601 1182 4686 hanc
1252 4601 1607 4685 caussam
1681 4601 1974 4691 locum
2042 4600 2357 4690 habere
2427 4606 2779 4718 nequit,
2844 4604 2987 4692 sed
3049 4631 3209 4720 per
3273 4629 3426 4711 ea,

93 4734 96 4859 ξ
321 4696 601 4815 'Noua
637 4726 853 4857 ‘¹4⁷⁰
888 4728 1153 4815 Acad.
1191 4727 1400 4843 Imp.
1437 4725 1583 4816 Sc.
1619 4728 1709 4816 T.
1746 4727 1872 4816 11.
2439 4731 2521 4819 R
3205 4756 3424 4845 quae
