4390 5838
1216 556 1530 611 ===
1590 518 1908 643 (ω)
1969 546 2293 588 ---·

268 795 422 882 74.
495 791 652 877 74.
719 756 980 849 Eius
1024 760 1132 848 ad
1199 760 1677 871 marginem
1760 636 2330 844 continuatio,
2442 800 2455 811 ·

539 915 748 993 105-
848 889 1065 978 Ei'us
1168 889 1517 975 insertio
1582 888 1670 972 in
1763 884 2277 973 fasciculum
2380 870 2921 970 terminalem
2978 882 3368 973 inferio-

571 1084 578 1091 ·
656 1044 847 1107 rem
917 1019 1366 1131 (104..)
1443 1018 1706 1104 Haec
1771 1004 2357 1129 procurrentis
2447 1010 2809 1098 funiculi
2893 1014 3171 1126 longi
3211 1040 3373 1121 εκ.

662 1152 1046 1239 tremitas
1090 1209 1120 1257 ,
1187 1146 1488 1234 inserta
1555 1150 1645 1233 in
1714 1146 2306 1255 terminalem,
2379 1144 2654 1258 prima
2720 1140 2933 1231 fibra
2999 1145 3125 1230 est
3164 1145 3367 1237 :foci

657 1279 1098 1367 inferioris
1131 1337 1162 1386 ,
1237 1300 1496 1390 quam
1560 1264 1849 1389 postea
1915 1275 2242 1361 ordinis
2311 1272 2660 1361 secundi
2730 1273 2999 1379 fibrae
3064 1278 3369 1368 ordine

573 1450 582 1456 ·
657 1408 1174 1521 retrogrado
1228 1399 1695 1518 sequuntur
1739 1405 2082 1515 (106).

285 1562 435 1656 75.
510 1565 668 1651 77.
743 1557 897 1648 78.
972 1566 1123 1648 79.
1206 1554 1352 1629 81·
1433 1554 1582 1628 82·
1643 1534 1955 1623 Fibrae
2021 1534 2406 1647 reliquae
2478 1530 2825 1619 ordinis
2883 1536 3109 1622 tertii
3150 1598 3182 1649 ,
3263 1541 3370 1628 ad

533 1668 1193 1781 procurrentem
1261 1664 1628 1775 longum
1695 1664 2193 1777 applicatae.
2456 1702 2473 1718 ·

199 1864 212 1879 .
284 1819 437 1909 75.
510 1824 662 1905 77.
734 1814 887 1906 78.
992 1792 1298 1880 Fibrae
1366 1812 1723 1900 earum·⁹
1810 1816 1926 1877 ex
2008 1806 2285 1902 ponte
2346 1758 2635 1905 p'rlmo
2702 1791 2792 1876 in
2861 1792 3078 1879 hoc
3104 1798 3372 1884 corde

537 1943 844 2034 ortae,
911 1924 1017 2011 ad
1083 1938 1757 2037 procurrentem
1820 1942 2100 2034 vsque
2169 1922 2768 2069 continuatae,
2835 1922 2925 2007 in
2993 1951 3369 2042 eumque

539 2053 926 2141 insertae.
1001 2136 1012 2145 ,

288 2194 438 2297 76.
503 2180 1161 2274 Foraminulum
1226 2204 1394 2293 pro
1459 2205 1706 2269 ramo
1773 2179 2129 2265 arteriae
2198 2156 2699 2266 coronariae
2767 2179 3159 2271 sinistrae.
3258 2256 3285 2277 .

294 2346 442 2426 79.
519 2334 674 2408 81·
751 2332 908 2406 aas
1037 2310 1344 2397 Fibrae
1403 2334 1522 2395 ex
1588 2310 1917 2421 reliqua
1983 2311 2343 2419 regione
2410 2310 2700 2420 pontis
2771 2310 3218 2424 subortae,
3283 2317 3380 2404 in

540 2443 960 2555 angulum
1063 2456 1712 2537 concurrentes-
1775 2441 2027 2557 inter·
2100 2446 2756 2548 procurrentem
2822 2436 3205 2555 'longum
3276 2436 3382 2563 'et

550 2573 909 2659 breuem
991 2568 1211 2677 (84.
1293 2570 1570 2679 88.),
1672 2564 1826 2653 sub
1908 2567 2973 2682 eosque-se.reeipientes
3045 2570 3385 2663 funicu-

550 2703 687 2787 los
759 2717 1399 2814 procurrenteS,
1466 2697 1821 2783 insertae
1890 2698 2236 2781 tandem
2303 2700 2393 2782 in
2462 2699 2858 2811 longum.

306 2852 450 2929 8ο.
519 2830 1174 2919 Foraminulum
1241 2855 1407 2944 pro
1474 2853 1720 2914 ramo
1785 2826 2141 2913 arteriae
2209 2830 2739 2916 coronariae.

310 2971 741 3071 33487
822 2980 967 3054 88.
1059 2985 1268 3041 101.
1347 2979 1493 3062 89.
1561 2984 1719 3062 90.
1784 2983 1943 3062 92.
2017 2979 2177 3062 95·
2245 2985 2403 3068 97
2476 2978 2631 3065 98·
2748 2959 3050 3048 Fibrae
3151 2965 3391 3053 ordi-

559 3094 689 3177 nis
764 3088 1036 3200 quarti
1079 3148 1110 3197 ,
1195 3087 1340 3173 seu
1410 3087 1671 3174 fibrae
1738 3089 2172 3193 radiatae,
2263 3113 2505 3204 quae
2545 3087 2919 3202 figuram
2974 3095 3388 3183 radiatam

561 3221 1088 3332 superiorem
1155 3217 1382 3303 inter
1447 3221 1530 3302 se
1598 3207 2239 3348 concurrendo,
2305 3234 2394 3301 et
2466 3215 2761 3303 focum
2818 3215 3384 3336 superiorem,

524 3349 996 3457 efficiunt,
1066 3365 1627 3459 procurrente
1695 3346 2169 3432 constantes
2242 3343 2519 3458 breui,
2586 3365 2677 3433 et
2738 3345 2976 3435 fibris
3042 3356 3385 3454 radiatis

563 3481 956 3595 reliqniS,
1028 3478 1134 3565 ad
1201 3479 1449 3564 illum
1517 3478 1991 3590 applicatis.

319 3628 467 3716 83.
546 3630 691 3717 84.
775 3629 920 3710 85.
1004 3615 1148 3700 86.
1254 3627 1399 3716 87.
1480 3625 1625 3701 88.
1760 3604 2329 3692 Procurrens
2396 3606 2689 3693 minor
2778 3607 2954 3695 fiue
3040 3609 3397 3716 breuis3

566 3735 1006 3825 musculus
1077 3729 1435 3850 biceps»,
1507 3754 1750 3822 ortus
1819 3764 1866 3826 a
1934 3736 2211 3848 prima
2276 3732 2514 3847 pa'rte
2585 3737 2962 3849 regionis
3031 3733 3399 3829 radiatae
3462 3787 3473 3796 -

572 3893 942 3975 uenae,
1025 3867 1171 3951 vbi
1239 3867 1570 3952 vltimis
1636 3867 1822 3952 latis
1892 3867 2349 3979 primisqui
2417 3869 2818 3953 tenuibus
2885 3867 3122 3955 fibris
3190 3898 3401 3958 ven-

575 4000 906 4085 triculi
927 3998 1208 4082 dextri
1275 3996 1780 4109 respondet.

325 4147 475 4234 88.
549 4129 763 4215 Eius
835 4127 1198 4212 alterum
1268 4146 1554 4238 caput,
1624 4126 2078 4275 posterius3
2145 4152 2335 4248 quo
2392 4124 2630 4212 fibris
2703 4126 3250 4241 angularibus
3317 4147 3410 4219 et

580 4257 886 4344 fasciae
955 4255 1476 4340 infimdibuli
1544 4247 1784 4341 fibris
1852 4255 2165 4368 partim
2232 4233 2718 4369 respondet.

325 4402 477 4492 84.
548 4386 832 4473 Huius
903 4387 1202 4495 capitis
1273 4381 1839 4471 continuatio.

331 4533 484 4618 85.
557 4514 844 4627 Caput
910 4513 1344 4625 alterum,
1412 4515 1840 4710 anterius»,
1929 4541 2108 4631 quo
2170 4515 2476 4629 primis
2543 4505 3085 4607 ventralibus'*
3138 4519 3411 4609 fibriis

585 4644 1075 4757 respondet.

327 4777 480 4866 86.
555 4774 864 4882 fibrae
931 4772 1526 4876 transuersales
1593 4699 2034 4994 nedifinges
2083 4775 2688 4893 superficiales»,
2725 4773 3033 4867 breues
3068 4779 3413 4890 crassae,

2007 4930 2061 4989 ²
2442 4966 2481 4994 -·
2674 5005 2691 5020 .
3233 4936 3425 5023 qm·
