4390 5838
1261 512 1577 565 *a
1633 479 1947 599 (263)
2008 511 2328 591 aas

191 709 477 832 procul
545 706 813 797 dubio
879 705 1085 816 ille,
1157 710 1398 795 cuius
1470 735 1890 798 coronam
1953 708 2078 799 N.
2150 710 2530 825 Grqwius
2595 710 3072 824 descripsit,
3139 722 3404 824 atque

190 840 826 958 repraesentauit
892 865 941 927 a
1003 856 1241 989 parte
1301 838 1739 955 superiore
1808 839 1897 923 T
1903 841 2038 926 ab.
2121 868 2269 947 19.
2339 862 2665 949 nomen
2729 840 2888 957 ipfi
2929 843 3135 929 dans
3193 843 3412 930 den-

195 979 282 1060 tis
345 969 770 1058 Animalis
842 970 1175 1054 marini.
1308 964 1416 1054 R.
1463 966 1801 1076 Waller,
1873 973 2025 1089 qui
2061 965 2374 1082 Opera
2395 969 2921 1091 Immortalis
2965 965 3074 1055 R.
3110 966 3404 1056 Hooki'i

124 1088 633 1218 ⁸posthuma
699 1098 1026 1205 edidit,
1131 1097 1359 1184 hunc
1431 1098 1807 1207 eundem
1880 1101 2233 1185 dentem
2302 1098 2559 1185 Tab.
2607 1098 2727 1187 V.
2796 1127 2883 1210 p.
2962 1117 3177 1198 285
3247 1124 3406 1184 ex-

191 1231 501 1367 plicuit,
575 1246 984 1341 tanquam
1050 1213 1159 1313 ad
1226 1216 1767 1336 Balaenam,
1790 1248 1935 1314 aut
2000 1224 2592 1381 Elephantum
2653 1214 3268 1409 pertinentem.

558 1446 774 1532 Vidi
844 1468 1022 1529 non
1090 1445 1389 1530 modo
1422 1446 1825 1558 saepius,
1890 1445 2088 1554 sed,
2153 1448 2283 1533 vti
2323 1447 2737 1556 monui,
2782 1418 3393 1563 accuratiffime

198 1577 596 1663 delineaui
639 1634 670 1683 ‚
766 1573 1393 1684 obseruavique
1477 1575 1637 1660 effe
1690 1575 2063 1662 similem
2128 1575 2645 1667 mamonteis
2685 1635 2718 1685 ,
2821 1572 2963 1663 sed
3030 1574 3397 1667 iunioris

196 1698 595 1814 animalis,
665 1702 909 1791 euius
978 1702 1397 1788 molares
1418 1705 1748 1789 radices
1792 1704 2213 1795 nondum
2250 1724 2629 1816 egerant.
2763 1703 2867 1789 In
2910 1702 3400 1815 fragmento

194 1834 573 1921 maxillae
673 1830 1131 1944 superioris
1237 1831 1479 1918 cuius
1563 1840 2227 1944 monogramma
2289 1834 2652 1940 addidi,
2755 1835 3026 1941 dens
3039 1830 3398 1971 molari*

195 1968 476 2050 dexter
578 1963 953 2049 anterior
1049 1962 1410 2047 eandem
1511 1959 1773 2049 habet
1872 1959 2212 2047 faciem.
2342 1961 2655 2076 Nuper
2735 1962 2826 2047 in
2892 1940 3399 2076 Burgundia

190 2066 461 2181 fi'milis
531 2110 917 2207 repertus
989 2088 1131 2175 est.

558 2307 662 2394 Id
729 2325 1017 2394 autem
1086 2307 1175 2392 in
1248 2308 1721 2422 omnibus,
1805 2305 2129 2397 etiamst
2194 2307 2696 2420 longiffimis
2757 2306 3193 2398 radicibus
3262 2304 3396 2391 in-

191 2441 548 2546 strue'iiS,
620 2462 926 2531 verum
993 2438 1592 2549 deprehendi,
1705 2441 1944 2554 quod
2008 2441 2240 2525 intus
2308 2434 2498 2524 caui
2566 2439 2785 2525 fint:
2883 2457 3400 2551 generantur

192 2572 434 2682 igitur
530 2569 1112 2654 bumanorum
1153 2624 1201 2673 „
1287 2593 1463 2653 non
1565 2563 2263 2683 Elephantorum
2349 2568 2815 2656 molarium
2879 2569 3157 2655 instar.
3291 2562 3391 2649 In

196 2701 312 2784 his
380 2699 664 2805 enim,
732 2722 847 2782 ex
915 2696 1206 2781 multis
1277 2692 1699 2821 lamelliS,
1750 2697 1902 2784 fibi
1971 2698 2417 2829 applicatis
2489 2700 2700 2785 dens
2775 2700 3192 2789 formatur
3258 2693 3396 2778 so-

195 2831 433 2934 lidus,
497 2828 589 2912 in
661 2851 1024 2940 quarum
1095 2826 1598 2917 meditulliis
1670 2829 1936 2913 crusta
2000 2829 2271 2914 vitrea
2310 2808 2757 2915 recondita
2805 2828 2952 2912 est.
3083 2825 3179 2913 In
3219 2824 3393 2910 illis

196 2962 551 3070 primum
640 2981 1015 3044 coronae
1102 2957 1368 3043 crusta
1449 2958 1725 3044 vitrea
1809 2959 2149 3067 oritur,
2251 2958 2450 3042 dein
2516 2958 2909 3044 radicum
2973 2947 3398 3070 principia

200 3063 642 3190 annulatim
680 3145 719 3194 7
816 3111 1191 3198 quorum
1277 3112 1482 3173 caua
1562 3086 2062 3210 implentur
2101 3075 2545 3203 substantia
2608 3088 2896 3174 minus
2963 3086 3176 3180 dura
3234 3108 3397 3199 pc·

199 3218 592 3304 detentim
662 3215 1117 3330 depofita.
2064 3265 2075 3270 -

558 3435 1032 3526 Praeterire
1101 3437 1423 3524 interea
1491 3462 1834 3551 nequeo
1900 3464 2012 3526 ex
2068 3435 2493 3527 Dentium
2558 3439 2990 3525 molarum
3057 3430 3394 3547 magni·

192 3567 466 3652 tudine
538 3592 634 3653 ac
703 3566 940 3655 mole
1011 3568 1712 3656 concludendum
1780 3594 1955 3653 non
2025 3563 2188 3654 esse
2256 3557 2361 3656 ad
2429 3561 2697 3683 ipsam
2765 3566 3151 3655 animalis
3210 3591 3396 3649 ma-

191 3697 763 3808 gnitudinem,
853 3717 1000 3782 aut
1065 3698 1423 3782 molem.
1552 3696 1892 3788 Dentes
1958 3698 2192 3782 enim
2261 3700 2350 3783 in
2420 3696 2879 3806 omnibus,
2954 3709 3395 3810 quotquot

191 3823 417 3936 n'oui,
492 3825 1005 3913 animalibus
1071 3829 1505 3914 rationem
1566 3827 1814 3914 nullo
1881 3828 2155 3923 modo
2195 3828 2544 3916 -habent
2607 3828 2716 3914 ad
2784 3830 3176 3938 corporis
3246 3851 3397 3908 va-

186 3953 571 4064 stitatem,
634 3953 781 4042 sed
848 3956 954 4041 ad
1022 3974 1407 4043 naturam
1474 3957 2125 4065 alimentorum,
2193 3979 2410 4067 quae
2440 3956 2873 4068 vsurpanta
3005 3953 3390 4063 Elephas

190 4081 549 4171 molares
620 4086 1001 4196 decuplo
1069 4089 1435 4172 maiores
1507 4086 1767 4172 hasbet
1814 4085 2476 4192 Rhinocerote,
2531 4082 2754 4174 ferte
2808 4085 3108 4169 decies
3143 4084 3399 4192 quin·

192 4218 416 4324 quies
525 4216 967 4323 maiores),
1068 4215 1274 4300 licet
1355 4193 1754 4326 decuplo
1838 4218 2109 4300 maius
2199 4242 2375 4302 non
2444 4215 2544 4299 fit
2610 4214 2980 4304 animal.
3083 4212 3388 4322 Equut

188 4368 698 4454 quamquam
767 4345 1053 4432 minor
1122 4342 1869 4456 Camelopardali,
1925 4346 2238 4444 dentes
2305 4345 2678 4446 maiores
2745 4337 3042 4442 habeta
3093 4435 3104 4448 ,
3157 4339 3393 4454 Apri

187 4473 654 4623 aethiopici·
710 4451 1094 4558 fimiliter
1158 4474 1548 4586 ingentes
1620 4471 1940 4558 habent
2001 4476 2440 4582 molaresffi
2493 4472 2818 4582 etiamfi
2888 4472 3391 4584 nostratibus

184 4602 562 4711 aequale,
628 4602 909 4690 immo
975 4605 1265 4690 min-m
1326 4600 1737 4693 habeant
1750 4628 2153 4724 corpus.
2243 4601 2410 4700 De
2458 4602 2811 4690 exsertis
2876 4602 3115 4689 idem
3181 4625 3396 4718 pro-

180 4731 772 4818 nuntiandum.
1480 4797 1509 4804 e

3285 4856 3388 4950 ln
