4390 5838
2043 484 2353 554 m
2416 452 3036 572 (94>-=·—=2

919 713 2672 1074 rnolE‘c'Tloiffffi
2837 737 4142 1090 SPHAERAE

927 1190 936 1198 .
2422 1103 2634 1189 AD

1265 1417 1272 1424 ·
1345 1245 3077 1507 DETERMINAlNilssQMNsslgEAM
3144 1246 3685 1356 ΜΑΧΙΜΕ

2317 1669 2738 1761 Auctore.
2919 1739 2923 1754 .

2044 1816 2148 1908 F.
2216 1816 2303 1905 T.
2368 1817 2998 1908 SC'HVBERT.

1678 2102 2054 2203 Conuent.
2126 2104 2407 2193 exhib.
2475 2109 2559 2193 d.
2637 2134 2760 2216 24
2822 2108 3009 2210 Mai
3058 2128 3358 2218 ¹787·
3502 2099 3511 2103 ’

2396 2410 2477 2525 §-
2558 2437 2640 2498 1.

915 2527 1279 2767 Varii
1346 2599 1537 2688 sunt
1596 2599 2248 2716 fines,“quibus
2315 2629 2677 2719 mappae
2749 2599 3376 2718 geographicae
3447 2617 3838 2689 accurate
3909 2600 4127 2687 deli-

1194 2753 1487 2820 neatae
1572 2730 1981 2819 inseruire
2066 2732 2453 2846 pofi‘unt3
2560 2735 2707 2848 qui
2777 2760 2976 2819 cum
3043 2732 3293 2822 vnica
3375 2759 3683 2844 mappa
3752 2729 4127 2817 obtineri

914 2881 1347 2977 nequeant
1427 2887 1789 2973 omneS,
1888 2860 2006 2948 sat
2072 2863 2393 2950 multae
2462 2867 2633 2951 iam
2700 2862 3241 2973 excogitatae
3308 2859 3500 2947 sunt
3563 2858 4126 2972 proiefflonis

915 2991 1368 3100 methodi,
1454 3018 1811 3104 quarum
1882 2992 2257 3104 fingulae
2329 3015 2566 3080 certo
2638 2995 2976 3082 cuidam
3042 2989 3192 3074 fini
3262 2990 3450 3075 sunt
3515 2988 4153 3075 accommoda·.

913 3141 1091 3207 tae.‘
1214 3119 1352 3205 Sic
1423 3146 1503 3204 e.
1574 3146 1701 3230 gr.
1790 3119 2001 3205 haec
2068 3124 2488 3234 proieftio
2557 3124 2661 3209 ad
2732 3119 3460 3207 determinandam
3530 3116 4153 3203 Loxodromi-

910 3276 1050 3337 am
1116 3249 1522 3360 aptiffima
1585 3249 1674 3333 in
1742 3252 2074 3362 mappis
2148 3254 2503 3338 nauticis
2592 3253 2906 3339 merito
2972 3248 3370 3359 eligitur,
3471 3247 3622 3332 illa
3686 3246 3776 3330 in
3846 3244 4125 3355 figura

906 3379 1550 3493 prouinciarum
1617 3377 2011 3488 legitime
2077 3381 2771 3491 repraesentanda
2814 3378 3117 3465 ceteris
3189 3374 3678 3480 antecellit,
3750 3372 3917 3459 alia
3980 3371 4124 3457 lo·

913 3531 1221 3605 corum
1291 3504 1711 3589 distantias
1799 3533 2053 3617 quam
2136 3510 2322 3592 fieri
2405 3509 2682 3620 potest
2765 3505 3364 3593 accuratiffime
3451 3500 3861 3607 exhibet,
3948 3520 4117 3586 etc.

907 3634 1174 3721 Vnde
1245 3631 1436 3717 sane
1508 3657 1727 3742 opus
1802 3632 2027 3720 foret
2093 3637 2321 3721 haud
2384 3639 2741 3744 inutile,
2828 3637 2888 3720 fi
2956 3634 3542 3740 cuiuscunque
3607 3629 4118 3741 prouinciae

905 3780 1044 3847 tot
1112 3758 1487 3847 diuersae
1558 3781 2288 3872 componerentur
2352 3768 2991 3877 proiestiones,
3063 3780 3280 3873 quot
3341 3759 3557 3844 fines
3628 3757 3816 3843 sunt
3881 3757 4121 3843 obti-

903 3891 1195 3978 nendi.
1328 3888 1456 3975 At
1523 3916 1782 3976 nemo
1847 3917 2278 4002 vnquam,
2383 3913 2794 4006 quantum
2863 3891 3270 4003 equidem
3333 3884 3640 3995 sciam,
3740 3887 3827 3970 in
3899 3886 4126 3971 deli·

905 4019 1260 4107 neandis
1347 4019 1679 4130 mappis
1767 4021 2367 4133 geographicis
2455 4049 2696 4107 areae
2798 4018 3487 4106 determinandae
3587 4012 4126 4127 peculiarem

903 4146 1208 4262 habuit
1268 4148 1747 4255 rationem,
1816 4146 1957 4233 sed
2027 4175 2333 4234 omnes
2408 4150 2742 4235 calculo
2812 4148 3042 4235 hunc
3109 4149 3198 4231 in
3266 4145 3531 4231 finem
3598 4143 4123 4232 instituendo

920 4272 1161 4395 §uere
1231 4277 1671 4383 contenti,
1777 4277 1922 4389 qui
1991 4278 2197 4361 licet
2265 4304 2811 4390 nonsparum
2883 4276 3256 4361 tediosus
3327 4293 3581 4387 atque
3654 4271 4126 4379 molestus,

910 4402 1134 4488 nihil
1202 4421 1483 4489 tamen
1552 4402 1903 4516 praebet
1971 4406 2231 4513 certi,
2332 4409 2742 4519 quoniam
2809 4406 2898 4492 in
2967 4403 3382 4489 limitibus
3467 4400 4128 4515 prouinciarum

906 4532 1489 4620 aestimatione
1527 4557 1745 4643 opus
1786 4534 1947 4644 est,
2019 4560 2236 4645 quae
2304 4533 2429 4618 in'
2464 4537 2798 4649 mappis
2851 4533 3164 4619 vfitatis
3237 4530 3443 4616 falso
3513 4530 3813 4613 nititur
3876 4530 4129 4639 prin-

915 4661 1178 4779 cipio.
1316 4656 1644 4778 Quanti
1704 4687 1916 4751 vero
1981 4662 2088 4753 fit.
2159 4666 2589 4765 momenti
2673 4680 3063 4778 accurata
3143 4686 3381 4752 areae
3465 4656 4123 4778 prouinciarum

897 4806 1057 4837 ''f'’
2554 4814 2565 4841 =
2614 4812 2631 4827 ·
3802 4784 4124 4874 notitia
