4390 5838
2011 533 2315 601 -··==--=
2383 504 2634 625 (92)
2697 539 3005 603 =·-··—÷—-·-

902 734 1014 825 b:
1053 737 1114 850 β
1153 729 1943 851 :fin.b:s1n,f3‚
2012 735 2099 820 h.
2137 763 2217 823 e.
2290 758 2530 822 arcus
2584 699 2748 821 effe
2811 735 3128 819 debent
3195 730 3281 818 in
3351 734 3682 826 ratione
3753 730 4139 841 fimum,

913 866 1153 975 quod
1219 864 1504 954 saltem
1579 868 1684 950 de
1753 863 2112 952 arcubus
2185 865 2433 950 valde
2505 866 2786 972 paruis
2862 866 3029 947 dici
3099 864 3425 972 potest,
3496 865 3891 972 adeoque
3962 867 4145 946 no·

913 1012 1078 1097 stro
1148 1013 1339 1099 casu
1406 1013 1615 1125 poni
1687 1016 1958 1122 potest
2022 1042 2342 1101 x:0.
2477 1015 2739 1099 Tunc
2810 1011 3166 1120 angulus
3238 1007 3450 1118 Epe
3517 1008 3615 1092 fit
3674 992 4138 1179 305δέΞὲ.,

912 1151 1061 1248 ubi
1129 1163 1271 1247 fin.
1313 1167 1372 1275 β
1440 1165 1527 1246 in
1595 1163 1971 1272 partibus
2045 1168 2448 1250 radii:
2498 1188 2604 1272 ι,
2677 1167 2736 1277 β
2804 1188 3012 1245 vero
3081 1161 3171 1243 in
3241 1158 3640 1270 gradibus
3712 1163 4145 1271 exprimi·

918 1293 1080 1375 t'ur.
1213 1293 1458 1374 Loco
1527 1294 1586 1402 β
1655 1316 1863 1401 ergo
1949 1291 2161 1375 sumi
2249 1292 2508 1377 debet
2576 1294 2776 1403 αβ,
2875 1308 2971 1373 vt
3040 1313 3348 1397 nempe
3419 1292 3479 1400 β
3549 1314 3722 1371 non
3813 1290 4139 1400 g'radus

915 1418 1057 1504 sed
1123 1416 1759 1529 longitudinem
1829 1447 2072 1504 arcus
2141 1449 2303 1643 poro
2370 1421 2613 1506 radio
2687 1444 2809 1501 z
2855 1445 2892 1498 1
2973 1415 3454 1529 fignificet,
3520 1418 3748 1500 vnde
3816 1417 3933 1503 est

926 1796 1125 1904 quia
1192 1796 1477 1880 nostro
1536 1801 1720 1883 casu
1792 1801 2010 1883 sinus
2082 1800 2184 1884 ab
2254 1800 2613 1886 arcubus
2681 1783 2836 1883 vix
2903 1794 3337 1882 differunt.
3471 1793 3618 1880 Est
3681 1794 3973 1907 itaque
4047 1794 4139 1880 in

921 1915 1454 2034 projectione
1523 1925 1992 2011 Delisliana
2061 1954 2238 2011 non
2306 1927 2544 2011 secus
2615 1952 2709 2011 ac
2778 1928 2865 2008 in
2939 1926 3297 2032 ceteris,
3385 1926 3796 2048 angulus,
3870 1949 4142 2036 quem

922 2052 1526 2168 proiediiones
1565 2033 1937 2166 duorum
2008 2055 2692 2140 Meridianorum
2782 2055 3149 2160 faciunt,
3249 2054 3549 2158 idem,
3652 2078 3914 2165 quem
3977 2051 4135 2163 ipfi

925 2167 1388 2280 Meridiani
1460 2183 1548 2265 in
1611 2157 1993 2293 Sphaera
2077 2183 2481 2268 formant.
2618 2180 3033 2267 Ceterum
3118 2181 3233 2264 est
3319 2184 3907 2288 cuiuscunque
3976 2179 4140 2265 Pa-

927 2307 1203 2393 ralleli
1271 2309 1552 2394 radius
1623 2325 1840 2422 :p
1880 2305 2440 2426 (ἓ-τ-αβδ,
2506 2310 2653 2396 vbi
2723 2304 2843 2394 αδ
2912 2311 3026 2393 est
3091 2311 3372 2393 radius
3441 2311 3583 2394 vel
3647 2310 3927 2394 vnitas
3998 2335 4136 2394 as-

927 2435 1266 2542 sumta,
1357 2439 1592 2547 quod
1679 2441 2053 2556 sequitur
2139 2466 2255 2526 ex
2335 2439 2954 2548 proportione,
3047 2432 3276 2521 1⁰16
3317 2442 3563 2521 zo?
3628 2439 3731 2521 ad
3797 2439 4142 2521 radium

934 2565 1412 2694 affumtum.
1548 2567 1777 2652 Hinc
1835 2582 1897 2677 p
1938 2566 2180 2655 G—
2218 2571 2702 2681 ssztang.
2742 2571 2964 2679 ss:
2996 2592 3055 2644 2
3097 2583 3393 2676 tang.2
3366 2570 3519 2678 ¹.ss
3655 2564 3916 2650 Vnde
3985 2593 4143 2676 pa-

935 2707 1112 2802 tet,
1219 2717 1520 2804 omnes
1589 2697 1774 2779 istas
1844 2695 2417 2805 proieftiones
2489 2718 2763 2805 prope
2832 2694 3145 2777 Polum
3239 2694 3785 2816 conuenire,
3879 2712 4141 2801 atque

937 2845 1302 2932 paruum
1403 2803 1936 2933 segmentum
2020 2823 2318 2935 pol-are
2400 2822 2490 2906 in
2577 2821 2878 2908 eadem
2956 2823 3524 2981 proportione
3612 2846 3707 2908 ac
3791 2822 3883 2904 in
3969 2819 4146 2935 ipsa

939 2946 1322 3097 sphaera
1384 2950 2014 3099 repraesentari.

861 3408 866 3413 ⁴
1335 3302 1408 3416 §·
1488 3330 1629 3391 11·
1765 3306 2035 3422 Supra
2100 3306 2267 3396 iam
2339 3309 2689 3418 monui,
2758 3303 2998 3456 casu?
3071 3291 3246 3418 qu⁰o
3300 3305 3543 3417 regio
3612 3302 4151 3417 proiicienda

947 3416 1066 3517 est
1135 3426 1381 3518 Zona
1448 3436 2140 3548 AequatorialiS,
2232 3436 2583 3525 Conum
2651 3435 2878 3523 abire
2948 3440 3031 3537 in
3081 3434 3668 3542 Cylindrum,
3771 3430 4150 3518 Paralle-

946 3555 1086 3644 los
1156 3577 1245 3645 et
1310 3561 1838 3649 Meridianos
1905 3570 1993 3650 in
2061 3569 2325 3652 lineas
2411 3570 2675 3653 rectas
2765 3566 2986 3649 inter
3056 3562 3135 3647 se
3221 3565 3675 3648 normales.
3814 3558 4151 3672 Quodfi

944 3711 1165 3772 vnus
1237 3690 1545 3797 gradus
1617 3692 1912 3777 circuli
1977 3696 2337 3780 maximi
2408 3697 2732 3781 dicatur
2794 3686 2896 3802 δ,
2999 3693 3160 3777 erit
3223 3691 3311 3773 in
3383 3693 3883 3798 Aequatore
3954 3715 4157 3771 om-

947 3814 1378 3926 nibusque
1434 3816 1863 3905 Parallelis
1932 3850 2150 3921 vnus
2221 3825 2529 3933 gradus
2597 3822 3161 3935 longitudinis
3231 3815 3470 3927 ἰδ’,
3534 3817 3952 3928 siquidem
4025 3820 4158 3900 in-

951 3959 1191 4055 tegra
1260 3944 1783 4059 Aequatoris
1870 3948 2352 4064 peripheria
2435 3954 2521 4034 in
2606 3955 2943 4038 rectam>
3001 3949 3352 4034 euoluta
3432 3951 3522 4033 in
3595 3952 3776 4046 360
3862 3964 4154 4056 partes

955 4075 1349 4183 aequales
1419 4076 1536 4159 est
1602 4079 2092 4166 diuidenda.
2225 4082 2315 4168 Si
2381 4107 2596 4165 vero
2659 4078 2864 4165 Ac
2905 4078 2991 4162 N
3066 4079 3308 4187 (Fig.
3388 4079 3512 4185 1.)
3583 4103 3708 4157 z:
3754 4077 3891 4181 10‚
3995 4075 4161 4187 erit

957 4195 1051 4282 in
1115 4201 1648 4309 proiestione
1717 4208 1928 4293 AN
1974 4226 2361 4320 :tang
2410 4215 2544 4315 1⁰,
2643 4218 2735 4293 et
2801 4207 3106 4319 gradus
3190 4206 3659 4293 latitudinis
3727 4202 4161 4288 inratio—

958 4350 1070 4411 ne
1141 4333 1710 4439 tangentium
1738 4337 2186 4423 crescunt.
2278 4338 2684 4425 Affumto
2753 4362 2964 4447 ergo
3007 4336 3504 4447 Aequatore
3571 4359 3733 4444 pro
3802 4354 4005 4437 axe,
4077 4347 4163 4416 et

957 4459 1496 4566 nuncupatis
1543 4459 1859 4563 ahciffis
1927 4490 2086 4573 x,
2148 4468 2557 4553 ordinatis
2628 4464 3344 4575 orthogonalibus
3387 4489 3509 4572 y,
3607 4461 4161 4577 longitudine

905 4604 1098 4698 'Y’
1163 4582 1617 4677 latitudine
1684 4596 1796 4709 β,
1855 4594 2027 4683 erit
2087 4614 2883 4717 ,νεῖμαι-ταας.
2920 4596 3032 4710 β,
3100 4586 3337 4693 dx:
3370 4585 3565 4710 ὂγ,
3634 4571 4162 4736 31:359532

3890 4747 4163 4833 adeo·
