4390 5838
1356 441 1659 470 ·········
1732 388 2037 519 (5189)
2103 445 2410 494 32:3⁸...

278 632 566 721 triculi
631 633 917 719 finistri
988 635 1092 720 ad
1164 636 1632 746 marginem
1699 635 2111 720 finistrum
2179 663 2450 750 vsque
2519 638 2770 723 huius
2841 639 3073 727 striae
3152 645 3483 755 produ·

278 768 452 849 stae
525 762 1075 848 ficeiebantur
1142 765 1669 869 antrorsum,
1744 764 1967 877 quafi
2019 765 2101 847 in
2156 763 2431 850 striam
2502 770 3197 877 continuaturae,
3268 801 3483 859 mox

279 920 490 977 vero
557 894 873 1007 iterum
939 891 1211 973 flexae
1283 894 1385 976 ad
1457 890 1930 1001 marginem
2004 893 2503 978 transiebant
2571 896 3027 1002 dextrum,
3109 901 3254 982 vbi
3325 900 3481 984 fle·

275 1047 436 1108 xae
508 1022 796 1105 denuo
869 1020 1480 1105 continuabant
1545 1020 1632 1103 in
1701 1020 1953 1105 fibras
2023 1021 2477 1106 ventriculi
2549 1023 2876 1129 dextri,
2962 1024 3278 1112 inclusa
3343 1031 3475 1113 iu-

277 1169 404 1233 ter
442 1150 648 1234 duas
699 1148 1118 1232 flexiones
1189 1170 1425 1258 parte
1474 1149 1593 1232 sui
1662 1149 1898 1233 striae
1967 1148 2334 1258 speciem
2404 1149 2916 1258 efficiendo,
2985 1154 3177 1264 plus
3221 1181 3476 1266 quam

276 1276 898 1387 semipollicem
981 1278 1269 1360 latam.
1402 1274 1717 1386 Neque
1789 1297 2070 1361 tamen
2140 1278 2245 1362 ad
2313 1278 2572 1364 finem
2655 1278 3126 1381 superficiei
3194 1309 3470 1396 Vsque

276 1406 492 1491 haec
574 1405 758 1490 stria
848 1429 1214 1516 quoque.
1286 1405 1880 1505 continuabat3
1985 1432 2185 1489 cum
2270 1404 2622 1516 aliquod
2693 1407 3050 1520 spatium
3120 1412 3224 1497 ad
3292 1414 3475 1522 api-

127 1552 130 1619 !
278 1560 457 1621 cem
526 1535 1100 1645 relinqueret,
1185 1558 1360 1643 quo
1433 1533 1811 1618 transitus
1882 1533 2102 1618 liber
2168 1532 2407 1616 fibris
2475 1535 2822 1645 patebat
2890 1556 3260 1649 quatuor
3323 1541 3468 1623 vel

265 1664 704 1774 quinque,
807 1662 1023 1747 resta
1111 1685 1224 1745 ex
1305 1662 1624 1745 finistro
1713 1661 2200 1745 ventriculo
2271 1664 2357 1744 in
2429 1664 2833 1749 dextrum
2919 1668 3462 1751 continuatis.

270 1792 565 1901 Atque
635 1791 867 1873 idem
934 1789 1188 1872 etiam
1263 1788 1350 1873 in
1417 1790 1735 1873 veriori
1824 1790 2076 1872 huius
2165 1790 2454 1872 cordis
2540 1790 2727 1875 stria
2797 1794 3153 1898 accidit,
3255 1820 3470 1902 quae

273 1919 660 2003 ceffando
725 1945 1000 2029 prope
1071 1919 1399 2028 apicem
1469 1918 1673 2002 duas
1742 1913 1992 2004 fibras
2060 1913 2522 2002 ventriculi
2586 1917 2874 2003 finistri
2932 1923 3028 2030 a>
3096 1922 3184 2004 in
3257 1922 3470 2005 dex·

272 2062 496 2133 trum
565 2048 1061 2137 continuare
1126 2045 1341 2149 finit,

1323 2299 1613 2417 Raphe
1678 2328 1824 2390 non
1885 2300 2392 2412 ,confirmatm

649 2456 854 2551 Sola
924 2453 1100 2546 fere
1137 2455 1430 2569 rophe,
1507 2485 1758 2568 quam
1826 2459 1911 2542 in
1983 2458 2394 2569 superiori
2460 2457 2911 2549 ventriculi
2985 2460 3263 2575 dextri
3331 2459 3462 2544 su-

265 2587 613 2702 perficie
699 2591 1381 2690 obseruaueram‚
1471 2587 1694 2672 haud
1779 2586 2281 2672 confirmata
2365 2587 2712 2675 inuenta
2791 2590 2934 2673 est.
3086 2592 3462 2677 Videtur

267 2721 571 2830 partim
654 2720 1190 2830 impressione
1277 2714 1625 2800 arteriae
1715 2714 2210 2800 coronariae
2299 2716 2697 2823 dextrae,
2801 2720 3109 2828 partim
3198 2719 3458 2803 etiam

269 2845 636 2934 fortuitis
722 2847 1135 2934 fibrarum·
1193 2844 1993 2956 interruptionibu5‚
2076 2843 2164 2929 in
2234 2870 2345 2928 eo
2415 2847 2680 2930 corde
2750 2841 3116 2933 formata
3186 2845 3449 2932 fuiffe.

233 2974 562 3087 -Quum
631 2979 927 3062 arteria
997 2999 1202 3060 xero
1270 2973 1507 3058 vario
1579 2970 2071 3085 frequenter
2152 2975 2404 3057 ductu
2494 2977 3090 3085 progreditu13
3134 3017 3143 3024 ·
3196 2978 3461 3058 inter-

235 3105 704 3215 ruptiones
773 3105 1174 3190 fibrarum
1244 3103 1586 3199 desunt,
1663 3101 1970 3186 facium
2041 3101 2205 3206 est,
2273 3122 2368 3186 vt
2418 3120 2563 3187 aut
2629 3102 2786 3187 alia
2850 3100 3245 3213 prorsuS‚
3314 3122 3457 3187 aut

263 3233 490 3317 nulla
556 3235 961 3338 omnino,
1031 3234 1293 3343 raphe
1350 3231 1436 3312 in
1504 3229 1961 3337 cordibus,
2035 3256 2252 3344 quae
2321 3229 2508 3340 post
2574 3231 2783 3316 haec
2854 3231 3296 3342 inquisitu,
3364 3234 3448 3312 in

258 3364 717 3448 veniretur.
847 3362 1147 3471 Raphe
1217 3384 1429 3469 ergo
1501 3341 1872 3450 omnino
1933 3385 2049 3446 ex
2115 3383 2477 3444 numero
2568 3358 3081 3444 notabilium
3165 3358 3446 3448 cordis

258 3491 790 3576 excludenda
857 3493 1018 3573 ess'e
1087 3489 1454 3574 videtur.

952 3741 1285 3859 Fasciae
1348 3744 1766 3833 ventm’culi
1854 3742 2132 3830 dextri
2197 3742 2738 3854 confirmatae.

633 3918 760 4007 At
805 3939 1040 4005 tanto
1110 3918 1410 4001 maiori
1483 3918 1941 4004 constantia
2006 3919 2093 3999 in
2157 3920 2430 4003 varias
2502 3919 2689 4002 illas
2759 3914 3446 4027 portione5‚·sou

228 4047 574 4168 fascias,
642 4050 912 4134 fibras·
961 4049 1414 4132 ventriculi
1486 4050 1766 4131 dextri
1835 4047 2817 4152 externas.,·dioe6tioue
2872 4071 3047 4129 non
3116 4046 3444 4149 modo,

247 4177 388 4264 sed
459 4181 714 4264 etiam
784 4197 976 4263 ortu
1047 4195 1134 4260 et
1198 4175 1419 4280 fine,
1492 4195 1581 4260 et
1646 4176 1844 4281 vsu,
1912 4193 2002 4260 et
2067 4194 2415 4278 natura,
2497 4177 3096 4261 determinatas
3138 4233 3165 4274 „
3239 4198 3443 4283 quas

249 4307 697 4393 obseruare
783 4331 887 4391 ne
957 4306 1042 4388 in
1125 4322 1506 4388 mentem
1595 4306 1944 4416 quidem
2026 4302 2552 4388 Auctoribus
2639 4324 3034 4408 venerat,
3145 4300 3442 4386 diuis-{s

245 4441 554 4551 reperi.
687 4435 1124 4547 Equidem
1192 4434 1462 4544 magis
1529 4432 1617 4515 in
1686 4435 1868 4521 aliis
1940 4432 2345 4517 cordibus
2421 4433 2829 4564 quaedam
2915 4459 3255 4538 earum,
3354 4430 3441 4512 in

1782 4560 1872 4645 A
1902 4589 1946 4644 a
2021 4585 2068 4661 3
2920 4623 2927 4634 .
3257 4558 3438 4656 aliis

344 4773 424 4865 a)
474 4765 659 4842 Tab.
712 4765 826 4841 vl.
877 4788 986 4854 44.
1035 4787 1137 4862 45.
