4390 5838
1695 406 1726 459 *
2084 482 3140 596 --<192>·--

1016 744 1463 823 normam,
1555 737 1812 824 quam
1879 710 1966 795 in
2034 708 2316 799 minus
2388 707 2781 825 perfec'iis
2854 729 3144 794 natura
3212 710 3617 794 imitatur.
3754 700 4192 794 Caeterum

1013 849 1357 937 insertas
1432 844 1780 954 quidem
1851 838 2178 948 semper
2245 838 2333 918 in
2407 863 2747 927 erenum
2814 838 2900 920 in
2973 838 3375 925 cordibus
3448 837 3631 922 aliis
3690 836 4192 922 circumflexi

1014 979 1301 1065 finistri
1368 974 1656 1075 fibraS,
1728 988 1812 1053 at
1879 965 2364 1057 musculum
2432 967 2701 1074 ipsum
2775 985 3094 1072 tamen,
3164 967 3527 1078 proinde
3596 985 3684 1049 et
3730 991 4050 1056 conum
4086 994 4192 1050 ar-

1015 1108 1459 1207 teriosum,
1527 1100 2003 1207 maiorem,
2073 1081 2523 1214 magisque
2590 1093 2853 1215 longe
2924 1095 3496 1214 speciabilem,
3573 1120 3830 1212 quam
3894 1095 3986 1179 in
4050 1096 4192 1210 pri'·

1017 1261 1168 1323 mo
1239 1231 1535 1338 corde,
1602 1224 1921 1324 inueni.

1920 1483 1994 1571 F
1997 1480 2222 1574 ibrae
2279 1480 2772 1595 pulmonales
2857 1486 3317 1571 anteriores.

1403 1680 1476 1765 F
1480 1677 1702 1766 ibrae
1757 1675 2248 1787 pulmonales
2330 1683 2757 1763 anteriores
2789 1736 2820 1783 ,
2926 1694 3162 1762 ortae
3231 1702 3276 1760 a
3344 1675 3510 1761 bafi
3596 1673 3950 1760 arteriae
4029 1675 4194 1785 pul·

1020 1809 1445 1914 monalis,
1520 1804 2037 1890 transeuntes
2106 1804 2194 1887 in
2263 1824 2528 1914 ponte
2593 1809 2814 1889 rec'ia
2882 1804 3128 1914 super
3195 1805 3753 1912 crenam,‚a)
3818 1828 4098 1914 eoque
4153 1830 4234 1899 as

1022 1932 1598 2023 circumflexis
1667 1933 1996 2017 finistris
2068 1929 2542 2039 distinfiae,
2639 1931 3114 2019 constanter
3178 1952 3559 2042 repertae
3625 1929 3879 2039 sunt,
3946 1932 4189 2014 modo

895 2063 901 2069 ’
1018 2085 1115 2177 vt
1197 2091 1368 2148 non
1455 2061 1888 2173 pennatim
1978 2059 2185 2143 aliae
2281 2086 2571 2144 earum
2638 2062 2725 2145 in
2795 2063 2992 2151 alias
3058 2060 3688 2165 insererentur,
3791 2058 4064 2145 veluti
4121 2061 4229 2141 in·

1021 2195 1308 2305 primo
1383 2192 1680 2297 corde,
1751 2187 1890 2272 sed
1959 2185 2407 2297 parallelae
2475 2188 2865 2298 fingulae'
2915 2191 3139 2275 inter
3205 2190 3320 2297 se,
3387 2208 3483 2273 vt
3549 2189 3809 2275 fibrae
3877 2211 4193 2269 muscu-

1021 2328 1239 2406 lares
1312 2319 1619 2424 solent,
1689 2316 2444 2428 progrederentur.
2577 2313 2825 2402 Duae
2893 2318 3251 2428 insignes
3319 2317 3581 2405 fibrae
3649 2317 3865 2400 latae
3918 2315 4001 2397 in
4046 2315 4192 2401 hoc
4270 2342 4271 2345 ‘

1024 2451 1286 2534 corde
1354 2444 1502 2554 b),
1572 2474 1618 2530 a
1683 2446 1966 2533 media
2028 2461 2269 2554 parte
2339 2446 2739 2533 anteriori
2812 2445 3014 2531 bafis
3086 2448 3431 2530 arteriae
3486 2440 4005 2558 pulmonal'is
4073 2467 4195 2524 or-

1023 2595 1205 2693 tae,
1278 2600 1481 2684 quas
1525 2569 1859 2677 facile,
1930 2591 2460 2682 comparatas
2533 2600 2729 2656 cum
2804 2574 3064 2663 corde
3131 2574 3478 2684 prime,
3539 2599 3701 2688 pro
3770 2571 4007 2659 fibris
4072 2569 4198 2655 iis-

1025 2707 1228 2827 dem
1293 2701 1943 2819 recognoueris,
2020 2700 2253 2791 hunc
2316 2702 2810 2794 musculum
2877 2701 3283 2791 efficiunt.

1925 2977 2511 3098 circumflexus
2593 2989 2882 3075 dexter
2919 2992 3347 3105 superior..

1414 3176 1999 3285 circumflexus
2062 3177 2351 3263 dexter
2414 3177 2829 3292 superior,
2896 3183 3035 3270 vel
3080 3179 3555 3297 pulmonalis
3578 3175 3963 3289 posterior
3997 3176 4204 3263 haud

1022 3311 1305 3417 minus
1389 3305 1774 3392 constans
1870 3325 2254 3417 repertus
2321 3308 2465 3392 est.
2600 3311 2880 3396 Mirae
2952 3301 3333 3422 quidem,¹
3369 3309 3955 3392 musculorum
4022 3305 4204 3389 basr-

1020 3432 1335 3520 larium
1403 3434 1937 3548 generatim,
2043 3435 2468 3545 imprimis
2543 3440 2687 3548 qui
2758 3439 2954 3522 coni
3025 3438 3396 3529 arteriofi
3462 3436 4025 3549 posteriorem
4092 3431 4207 3516 su·
4270 3463 4271 3530 3

1030 3561 1475 3674 perficiem
1541 3579 1875 3671 tegunt,
1941 3563 2384 3651 varietates
2452 3566 2539 3649 in
2610 3568 2782 3651 hoc
2852 3570 3114 3657 corde
3185 3585 3677 3670 occurrunt,
3747 3560 4205 3654 ficuti.Ta·

1029 3688 1231 3814 bula
1297 3689 1415 3775 V.
1485 3715 1690 3777 cum
1755 3688 2119 3778 secunda
2186 3714 2674 3801 comparata
2744 3695 3032 3802 docet,
3105 3698 3242 3784 sed
3314 3696 3524 3783 mire
3596 3691 4208 3806 quoque'con-
4270 3757 4271 3772 Ν

1013 3818 1321 3910 μιιεῐιῑιτι
1393 3817 1559 3901 hos
1631 3818 2070 3930 musculos
2141 3844 2340 3907 cum
2429 3817 2599 3928 iis,
2707 3827 2921 3935 quos
2989 3850 3102 3910 ex
3166 3825 3448 3935 primo
3520 3825 3782 3907 corde
3852 3819 4209 3918 tradidi,
4270 3857 4271 3914 ς

1025 3948 1120 4062 in
1181 3943 1367 4027 aliis
1440 3945 1846 4028 cordibus
1911 3946 2120 4030 vidi.
2293 3946 2415 4032 Et
2474 3949 2718 4059 ipsa,
2819 3977 3032 4062 quae
3099 3953 3187 4038 in
3258 3953 3429 4038 hoc
3501 3952 3761 4038 corde
3829 3950 4209 4034 omnium

1025 4074 1402 4185 maxime
1477 4071 1839 4178 aberrat,
1907 4074 2308 4162 structura
2377 4104 2550 4161 non
2621 4104 2730 4163 eo
2794 4097 3080 4166 tamen
3149 4106 3420 4191 vsque
3489 4078 3756 4163 aliena
3796 4077 3948 4180 est,
4026 4065 4207 4184 quin

1036 4197 1394 4308 quilibet
1457 4200 1936 4290 musculus,
1973 4200 2222 4291 facile
2290 4228 2890 4317 cognoscatur.
3028 4205 3656 4296 circumflexus
3729 4208 4039 4292 dexter
4094 4201 4207 4283 su·
4270 4245 4271 4254 κ

3938 4337 4213 4447 pet'for

1173 4659 1284 4756 a)
1386 4661 1559 4738 Tab.
1606 4662 1661 4739 Ι.
1712 4692 1780 4760 y.
1831 4653 1881 4742 r.
1930 4692 1992 4743 2.
2044 4695 2102 4741 z.
2157 4694 2229 4770 3.,
2322 4673 2498 4752 Tab.
2551 4678 2659 4751 IV.
2712 4695 2759 4755 t.
2809 4704 2871 4751 v.
2927 4680 3037 4752 66.

1175 4824 1280 4921 b)
1380 4821 1555 4904 Tab.
1599 4830 1715 4905 lv.
1768 4846 1816 4905 t.
1863 4859 1929 4907 v.
1973 4856 2068 4908 v.
2117 4858 2181 4911 x.
