4390 5838
2035 460 2342 509 a
2404 384 2718 544 ἰῐρο)
2782 426 3088 516 ss==

959 654 1150 758 aliis
1220 661 1548 767 mium,
1615 656 1759 743 ms
1739 682 1975 770 gnes
2045 675 2662 770 apparuerunt,
2735 658 3151 769 quaedam
3219 654 3479 768 paulo
3547 656 3792 746 aliter
3854 656 4164 771 etiams,

965 786 1219 919 quar'n
1289 794 1373 877 in
1447 789 1732 904 primo
1801 782 2115 890 corde,
2216 782 2631 870 formatae
2719 786 3111 884 fuerunt3
3212 785 3549 898 semper
3630 808 3916 874 tamen
3980 804 4168 877 eas*

964 929 1165 1010 dem
1233 923 1677 1034 portiones
1752 915 2214 1017 distinetas⁹
2283 932 2653 1024 ortuque
2722 935 2809 999 et
2873 914 3042 998 fine
3112 933 3200 997 et
3262 915 3412 998 vsu
3478 916 3844 1028 fimiles,
3923 936 4167 1030 repe'-

964 1056 1064 1139 ri.
1197 1051 1364 1157 Et,
1469 1049 1524 1132 fi
1600 1045 2012 1156 quaedam
2101 1042 2383 1127 minus
2471 1043 2832 1153 insignes
2918 1046 3003 1126 in
3093 1042 3274 1126 aliis
3365 1042 3826 1145 cordibu83
3928 1046 4162 1131 tanto

972 1176 1324 1268 eaedem
1408 1179 1496 1259 in
1584 1174 1765 1257 aliis
1852 1164 2467 1262 eminentiores
2557 1190 2905 1282 quoque
2987 1170 3040 1253 s
3020 1170 3382 1281 ngulan
3488 1171 3625 1258 sua
3718 1166 4164 1282 'sti-ustura,

958 1305 1664 1427 lusignioresque
1716 1303 2041 1405 mult0‚
2149 1300 2405 1407 quarn
2472 1300 2559 1383 in
2631 1302 2915 1411 primo
2989 1302 3302 1407 corde,
3385 1316 3999 1410 apparuerunt,
4062 1302 4163 1385 fib

969 1440 1147 1547 cuti
1211 1430 1618 1543 exempla
1684 1432 1769 1512 in
1843 1430 2013 1513 hoc
2098 1430 2362 1513 corde
2434 1430 3073 1539 repraesentato
3132 1422 3592 1513 habemus.
3726 1430 3856 1517 Vt
3924 1428 4161 1516 facile

961 1538 1317 1669 ⁸videas,
1389 1587 1563 1645 non
1622 1554 2232 1669 phaenomena
2300 1556 2696 1662 fortuita,
2763 1557 2904 1639 sed
2939 1581 3142 1639 vera
3177 1550 3545 1643 1nst1tuta
3598 1576 3986 1665 naturae,
4019 1561 4164 1644 hai

966 1688 1414 1781 structuras
1483 1688 1677 1772 effe.
1817 1686 1959 1772 Sic
2045 1682 2275 1769 e'n'im
2364 1702 2558 1769 cum
2644 1684 3187 1769 varietatibus
3277 1683 3512 1769 hisce
3585 1694 4165 1797 comparatum

962 1813 1144 1937 ‘est,
1244 1839 1339 1904 vt
1422 1817 1603 1901 aliis
1698 1830 1975 1897 certae
2063 1810 2519 1922 singulares
2604 1812 3053 1897 structurae
3148 1814 3308 1899 vix
3386 1808 4164 1930 recognoscantur,

980 1951 1166 2037 aliis
1237 1938 1451 2030 m'ire
1520 1938 2158 2028 confirmentur.

1547 2186 2215 2306 circumflexus
2257 2194 2573 2309 finister
2639 2214 2715 2280 et
2785 2220 3018 2282 conus
3084 2188 3533 2312 arteriasus.

1369 2327 1517 2411 Ad
1604 2326 1817 2410 haec
1902 2325 2371 2436 posteriora
2454 2327 2848 2435 exempla
2915 2327 3290 2412 maxime
3375 2308 3937 2438 circumflexus
3973 2327 4164 2441 fini-

961 2459 1152 2574 sser.
1202 2457 1289 2540 in
1360 2458 1532 2539 hoc
1589 2456 1868 2538 corde
1939 2453 2361 2573 pertinet,
2463 2472 2549 2535 et
2605 2479 2846 2537 conus
2913 2455 3384 2568 arteriosus‚
3486 2450 3726 2541 cui'us
3795 2455 4013 2542 latus
4077 2457 4168 2541 fi-

988 2588 1334 2673 nistrum
1403 2585 1548 2670 ille
1613 2583 1909 2667 efficit.
2033 2584 2217 2667 'Hit
2291 2583 2633 2693 paucis.,
2701 2583 2853 2666 vix
2917 2584 3188 2668 tribus
3255 2585 3395 2669 vel
3466 2605 3882 2693 quatuor,
3948 2583 4163 2669 fibris

991 2715 1483 2802 breuiffimis
1552 2715 1639 2793 in
1709 2711 1978 2824 ptiori
2066 2712 2325 2796 corde
2416 2710 2737 2795 constat
2800 2712 2963 2822 α).
3095 2712 3409 2822 Neque
3496 2713 3819 2827 aliquid
3909 2712 4170 2824 fingu-

989 2846 1163 2930 lare
1233 2844 1460 2929 hunc
1532 2841 2008 2926 musculum
2081 2841 2242 2925 else
2315 2840 2902 2947 credidiss'em‚
3002 2842 3149 2926 nifi
3235 2842 3324 2925 in
3413 2842 3585 2929 alio
3666 2844 3838 2929 iam
3924 2843 4168 2928 corde

994 2973 1596 3084 insigniorem,
1665 2971 2227 3082 pluribusque
2281 2968 2798 3054 constantem
2867 2970 3154 3078 fibris,
3218 2971 3610 3078 inflexiS‚
3677 2991 3768 3057 et
3831 2973 4172 3083 profun-

996 3105 1184 3187 dius
1256 3103 1340 3183 in
1414 3126 1755 3184 crenam
1822 3099 2206 3206 insertis,
2274 3098 2710 3203 vidissem,
2783 3125 2960 3211 quo
3000 3099 3082 3183 se
3149 3101 3591 3187 manifesto
3656 3129 3702 3186 a
3770 3097 4175 3211 sequenti-

995 3232 1153 3314 bus
1223 3228 1458 3313 fibris
1551 3226 2246 3339 pulmon-alffius,
2356 3254 2569 3337 quae
2639 3228 2936 3338 planae
3005 3232 3225 3315 resta
3290 3232 3375 3312 in
3447 3246 3807 3341 pontem
3893 3228 4175 3314 transe-
4274 3259 4284 3274 ·

998 3377 1185 3465 unt,
1227 3351 1829 3468 ‘distinguerem
1968 3353 2096 3439 Ea
2162 3357 2248 3438 in
2307 3357 2477 3442 hoc
2536 3357 2799 3442 eorde
2868 3357 3121 3443 huius
3190 3357 3547 3443 musculi
3616 3360 4015 3444 struflura
4049 3357 4174 3461 est,
4282 3419 4283 3428 ι

995 3505 1092 3572 vt
1159 3512 1420 3571 nemo
1489 3512 1661 3571 non
1735 3511 1893 3597 pro
1964 3484 2373 3595 peculiari
2444 3484 2830 3570 musculo
2888 3511 3085 3571 eum
3156 3486 3576 3572 habuerit.
3707 3488 4014 3573 Fibrae
4074 3486 4177 3569 sa·

1000 3618 1107 3700 tis
1178 3618 1475 3699 craffae
1543 3612 1752 3721 b)„a
1821 3633 2054 3724 parte
2128 3612 2305 3697 fere
2367 3615 2718 3732 dimidia
2787 3613 2993 3698 bafis
3064 3618 3415 3700 arteriae
3487 3615 4007 3727 pulmonalis
4054 3639 4180 3697 or·

1001 3763 1192 3850 tae,
1264 3742 1625 3851 oblique
1696 3744 1797 3827 ad
1883 3743 2359 3852 marginem
2429 3743 2628 3827 coni
2696 3743 3103 3827 sinistrum
3196 3743 3624 3828 transeunt
3690 3749 3843 3855 c),
3945 3741 4179 3855 polli·

969 3899 1191 3958 cem
1265 3869 1444 3959 fere
1515 3872 1761 3958 latae.
1896 3872 1996 3958 In
2068 3872 2392 3957 nullam
2462 3873 2578 3955 ibi
2652 3898 2993 3957 crenam
3074 3872 3603 3979 inseruntur,
3702 3872 3842 3958 fied
3931 3873 4180 3956 flexae

1003 4002 1371 4085 omnino
1456 4004 1678 4087 cirea
1761 4003 2237 4113 marginem
2324 3985 2575 4087 huius
2648 4002 2845 4086 coni
2912 4003 3000 4085 in
3070 4001 3603 4114 superficiem
3676 4000 3858 4085 eius
3929 4001 4178 4112 poste-

1004 4131 1332 4215 riorem
1400 4130 1826 4216 transeunt
1889 4133 2039 4242 d),
2073 4133 2751 4241 continuantque
2806 4125 2907 4220 'in
2973 4131 3327 4242 eadem,
3396 4131 3815 4217 continuo
3850 4131 4178 4240 oblique
4278 4137 4279 4222 j

3815 4261 4183 4345 dextr-or·
4278 4299 4279 4312 ι
