4390 5838
1395 517 2453 635 ====<215)===

429 774 521 860 g.
588 746 874 835 Filum
960 738 1606 860 cartilagineum
1687 745 2058 837 anterius
2143 747 2554 837 sinistrum
2630 750 2831 839 satis
2918 749 3454 839 manifestum
3488 807 3523 858 ‚

694 876 1063 983 nodulo,
1116 875 1257 962 feu
1295 878 1458 965 basi
1495 881 1724 990 larga
1764 875 2176 991 fortique,
2213 900 2500 967 aortae
2536 881 2849 970 innata.
2920 880 3345 995 (Tab.11.
3386 883 3519 992 4.)

417 1003 508 1090 h.
580 1005 834 1092 Sinus
904 1007 1454 1119 pulmonaIiS.

423 1138 481 1220 i.
552 1134 975 1222 Auricula
1036 1135 1347 1222 finistra
1407 1138 1755 1225 reflexa.

421 1263 501 1349 k.
568 1263 947 1351 lxRami
993 1290 1277 1353 ·venae
1346 1262 1866 1379 pulmonalis
1937 1264 2385 1353 anterioris
2456 1268 2836 1361 dextrae.

421 1417 528 1477 m.
599 1393 851 1482 Vena
916 1395 1440 1505 pulmonalis
1505 1398 1885 1485 anterior
1947 1394 2286 1484 finistra.

417 1547 498 1608 n.
568 1521 822 1609 Sinus
891 1523 1223 1611 dexter.

413 1676 494 1738 ο.
564 1652 817 1740 Vena
887 1677 1091 1740 caua
1157 1653 1574 1769 superior.

397 1794 499 1895 p.
569 1779 990 1868 Auricula
1060 1782 1385 1871 dextra.

411 1936 497 2022 q.
563 1914 906 1997 Lumen
971 1909 1333 2000 resestae
1400 1911 1506 1999 ad
1581 1909 1803 1997 basin
1873 1908 2225 1998 arteriae
2296 1908 2855 2024 pulmonalis.

407 2062 491 2133 r.
554 2066 626 2127 s.
698 2036 1085 2148 Cornua,
1154 2041 1295 2128 seu
1367 2042 1709 2129 termini
1777 2041 2178 2152 vtrinque
2248 2040 2639 2128 Valuulae
2709 2039 3236 2129 semilunaris
3297 2038 3514 2127 dex-

671 2187 849 2256 trae
916 2170 1270 2259 arteriae
1335 2171 1889 2282 pulmonaliS.
2059 2170 2191 2254 Vt
2256 2170 2438 2258 iere
2508 2171 2787 2258 maior
2850 2170 3243 2259 valuulae
3313 2195 3507 2282 pars

671 2298 1182 2414 posteriori,
1251 2301 1542 2388 minor
1608 2297 2054 2408 anteriori,
2119 2296 2332 2384 bafis
2400 2301 2755 2387 arteriae
2822 2300 3067 2388 lateri
3133 2299 3274 2386 sua
3342 2296 3510 2385 bafi

671 2429 1050 2515 infideat.

406 2581 488 2643 r.
562 2555 836 2653 Sedes
901 2585 1171 2646 cornu
1239 2559 1689 2648 anterioris
1757 2555 2151 2646 Valuulae
2223 2557 2577 2646 dextrae
2594 2588 2623 2663 3
2690 2558 2837 2648 seu
2906 2553 3211 2645 noduli
3278 2557 3509 2642 inter

529 2742 546 2761 -
666 2688 1099 2776 Valuulam
1167 2691 1558 2776 dextram
1625 2707 1715 2776 et
1781 2690 2333 2776 anteriorem.

399 2840 480 2904 s.
550 2814 818 2904 Sedes
886 2812 1159 2904 cornu
1228 2819 1719 2933 posterioris
1789 2817 2179 2905 valvulae
2251 2817 2640 2931 dextrae,
2705 2817 2852 2906 seu
2919 2814 3225 2915 noduli
3277 2814 3506 2902 inter

666 2947 1099 3038 vaiuulam
1169 2951 1560 3036 dextram
1627 2967 1716 3035 et
1781 2948 2378 3064 posteriorem.

397 3094 466 3162 t.
536 3100 608 3159 r.
678 3074 945 3164 Sedes
1013 3077 1407 3165 Valuulae
1477 3077 1954 3164 anterioris.

297 3213 308 3222 '
365 3212 470 3292 ἐ.
540 3205 811 3296 Sedes
915 3231 1187 3293 cornu
1289 3207 1576 3294 finistri
1639 3209 2037 3294 Valuulae
2124 3205 2617 3314 anterioris,
2693 3202 3207 3292 seu-noduli
3253 3203 3505 3324 ,inter

661 3333 1097 3420 Valuulam
1165 3340 1679 3423 anteriorem
1751 3357 1842 3430 et
1908 3335 2498 3453 posteriorem.
2571 3361 2643 3420 r.
2684 3333 2922 3420 sedes
2972 3358 3244 3419 cornu
3289 3332 3504 3417 dex-

666 3465 772 3548 tri
851 3464 1248 3554 Valuulae
1331 3467 1777 3554 anterioris
1818 3524 1851 3577 ,
1948 3486 2092 3554 aut
2155 3464 2462 3554 noduli
2526 3468 2752 3551 inter
2818 3462 3343 3592 anteriorem
3410 3478 3503 3588 et

667 3593 1083 3679 dextram.

482 3737 598 3803 ·t.
668 3722 1094 3809 Valuulae
1158 3722 1643 3836 posterioris
1715 3677 1983 3810 sedes·

541 3846 808 3937 Sedes
893 3876 1165 3938 cornu
1253 3855 1534 3939 dextri
1618 3853 2015 3942 Valuulae
2083 3851 2614 3967 posterioriS,
2684 3849 2828 3934 seu
2898 3844 3204 3932 noduli
3268 3844 3499 3929 inter

659 3979 1092 4066 Valuulam
1158 3983 1723 4096 posteriorem
1791 4001 1879 4068 et
1946 3984 2364 4070 dextram.
2461 4002 2520 4068 t.
2624 3979 2892 4067 Sedes
2962 4001 3233 4061 cornu
3300 3973 3497 4058 fini·-

655 4105 790 4191 stri
858 4112 1250 4198 Valuulae
1317 4112 1843 4224 posterioris»,
1896 4109 2057 4198 seu
2124 4111 2430 4198 noduli
2497 4111 2721 4195 inter
2785 4103 3220 4192 Valuulam
3256 4121 3496 4192 ante-

656 4237 981 4325 riorem
1045 4259 1137 4325 et
1201 4243 1792 4354 posteriorem.

851 4368 1227 4456 Valuula
1293 4398 1506 4484 ergo
1575 4369 1950 4458 anterior
2015 4390 2195 4459 tota
2266 4368 2569 4483 parieti
2639 4365 2993 4453 arteriae
3046 4360 3493 4468 anteriori,

655 4496 1078 4609 posterior
1143 4518 1324 4587 tota
1391 4502 1870 4613 posteriori,
1938 4502 2238 4588 dextra
2307 4498 2546 4586 lateri
2618 4499 2962 4607 dextro,
2997 4496 3486 4612 partimque

607 4629 1109 4738 anteriori,
1174 4633 1484 4742 partim
1553 4631 2033 4745 posteriori,
2102 4631 2405 4744 parieti
2474 4630 2905 4718 adhaeret.

379 4776 473 4841 u.
544 4751 852 4847 Portio
928 4759 1509 4934 minor-funis
1577 4760 1980 4880 applicati
2045 4761 2341 4877 (Tab.
2378 4757 2545 4850 IV.
2615 4764 2767 4844 66.
2783 4759 2880 4875 ),
2958 4775 3176 4875 quae
3240 4767 3481 4971 zeta>

3310 4910 3359 4971 a

384 3741 470 3934 2⁸2⁸
