4390 5838
2361 454 2673 570 (254)
2739 460 3096 565 ’·-·-··,

903 693 1386 798 xillarium,
1455 690 1597 775 seu
1670 688 1836 774 offa
1900 683 2773 813 intermaxillaria'ad
2843 685 3008 772 nali
3051 684 3219 771 offa
3256 708 3528 797 vsque
3602 656 3692 769 in
3761 683 4146 797 capenfi,

902 826 1046 909 sed
1121 824 1385 934 longe
1458 821 1740 907 miuus
1830 817 2047 928 alte,
2148 834 2238 899 et
2305 813 2551 899 nullo
2637 816 2913 901 modo
2984 839 3374 927 eousque
3459 813 3969 899 adscendere
4041 815 4142 897 in

902 952 1292 1049 Bisonte.

1305 1137 1506 1227 Ossa
1591 1168 1692 1224 ea
1775 1140 2213 1250 deperdita
2295 1140 2698 1224 videntur
2764 1140 2851 1222 in
2957 1134 3420 1249 specimine
3487 1133 3762 1221 Acad.
3845 1134 4145 1253 Impe-

905 1274 1185 1369 rialis;
1255 1270 1615 1356 alterum
1687 1269 2171 1377 integrum,
2240 1267 2525 1379 postea
2595 1269 3220 1378 detegendum,
3292 1267 3551 1349 etiam
3622 1264 3839 1350 hanc
3909 1265 4147 1348 fimi-

908 1402 1366 1486 litudinem
1460 1395 2093 1508 comprobabit.
2234 1395 2701 1482 Concludo
2786 1421 2901 1483 ex
2983 1394 3448 1480 collatione
3537 1394 3855 1478 horum
3926 1419 4135 1479 cum
4311 1422 4313 1523 j

911 1527 1159 1615 foffili
1200 1587 1230 1635 ,
1337 1523 1799 1633 Granium,
1913 1553 1958 1611 a
2026 1527 2170 1612 Te
2242 1526 2754 1639 descriptum
2826 1526 2931 1609 ad
2997 1522 3440 1610 Bisontem
3506 1523 4136 1611 Americanum

904 1657 1469 1744 referendum
1540 1654 1734 1739 esse.

1291 1913 1426 2001 Ill.
1502 1909 1789 1999 Comes
1854 1911 1948 1995 de
2013 1907 2301 2026 Buffim
2367 1911 2458 1997 in
2527 1909 2825 2026 Suppl.
2898 1912 2986 2000 T
2995 1939 3174 2001 om.
3250 1937 3335 2016 3.
3405 1940 3600 2027 pag.
3629 1934 3795 2021 57.
3871 1934 4134 2022 quae·
4311 1886 4313 1915 ⁵

913 2048 1106 2131 dam
1175 2043 1362 2129 satis
1431 2041 1883 2128 laudabilia
1939 2043 2043 2126 de
2079 2042 2429 2126 Bisonte
2504 2043 2787 2151 addit,
2856 2043 2997 2128 sed
3051 2057 3265 2156 quae
3322 2042 3676 2157 scopum
3749 2039 4130 2123 nostrum

910 2202 1092 2260 non
1163 2172 1582 2284 Γρεέὶιιιιῐ·
1652 2171 1997 2255 videtur
2062 2171 2354 2255 Boues
2426 2197 2784 2279 omneS,
2851 2174 3109 2258 etiam
3147 2172 3434 2261 Vrum
3500 2197 3660 2282 pro
3727 2170 4128 2252 eiusdem

902 2302 1219 2413 speciei
1309 2298 1815 2386 animalibus
1911 2298 2226 2383 habere
2294 2317 2383 2381 et
2448 2298 2759 2410 gibbos
2828 2328 2875 2385 a
2960 2302 3301 2386 climate
3404 2317 3492 2383 et
3592 2298 4127 2382 nutrimento

914 2431 1376 2515 deducere.
1509 2426 1881 2513 Addidit
1978 2425 2338 2536 figuram
2426 2427 2656 2513 Tab.
2729 2428 2846 2514 V.
2916 2457 3112 2540 pag.
3189 2437 3337 2537 64..
3412 2452 3625 2536 quae
3695 2450 4130 2513 cornuum

904 2558 1150 2663 illam
1215 2559 1686 2660 flexuram,
1759 2555 1973 2640 adeo
2042 2555 2787 2641 characteristicam
2855 2558 2943 2640 in
3016 2557 3186 2642 hoc
3256 2557 3648 2662 animali,
3721 2580 3898 2639 non
3971 2579 4127 2636 ex-

906 2688 1235 2798 primit.
1372 2681 1508 2766 Ill.
1575 2680 1929 2795 Buffoni·
1913 2707 1986 2764 s
2072 2684 2269 2768 dein
2373 2684 2748 2770 Bisontis
2853 2685 3350 2769 Americaui
3439 2683 3701 2794 longe
3803 2680 4125 2766 melio-

859 2841 1098 2907 ‚rem
1182 2814 1532 2898 iconem
1620 2812 1859 2895 dedit
1923 2812 2009 2893 in
2081 2812 2521 2924 Supplem.
2595 2812 2869 2897 Tom.
2932 2813 3093 2900 VI.
3165 2839 3364 2924 pag.
3433 2817 3584 2912 46.
3657 2810 3747 2894 T
3752 2808 3889 2894 ab.
3963 2806 4120 2891 III.

913 2944 1003 3026 in
1070 2941 1558 3026 vniuersum
1630 2965 1802 3025 non
1874 2941 2349 3025 admodum
2419 2945 2937 3051 correctam,
3046 2929 4122 3053 quemadmodum'e'tiam

915 3095 1093 3155 non
1162 3071 1276 3155 est
1342 3070 1523 3153 eius
1563 3067 2099 3176 obseruatio,
2168 3095 2264 3152 ac
2333 3069 2391 3150 fi
2461 3096 2782 3155 cornua
2849 3069 3275 3180 originem
3345 3091 3903 3152 communem
3973 3066 4125 3150 ha-

914 3198 1265 3303 berent,
1332 3221 1526 3306 pag.
1597 3224 1750 3302 47.
1884 3194 1981 3278 In
2053 3198 2343 3281 cranio
2415 3197 2677 3282 musei
2745 3199 2916 3282 mei
2989 3223 3309 3283 cornua
3373 3195 3822 3280 visibiliter
3887 3191 4124 3303 sepa-

910 3345 1090 3410 rata
1176 3324 1411 3430 sunt,
1516 3325 1800 3406 minus
1887 3342 2172 3410 tamen
2266 3351 2519 3434 quam
2603 3327 2692 3409 in
2778 3325 3116 3411 Bubalo
3207 3324 3565 3435 capenfi.
3706 3320 4120 3409 Cranium

751 3472 767 3486 ‘
910 3453 1274 3563 longum
1357 3478 1399 3530 2
1471 3452 1671 3561 ped·
1747 3457 1854 3556 4}
1920 3452 2134 3563 Poll·
2205 3480 2398 3564 pag·
2472 3481 2623 3562 47.
2699 3480 2813 3541 ex
2874 3480 3050 3544 vno
3119 3472 3420 3538 centro
3492 3451 3727 3538 oculi
3785 3453 3902 3536 ‘ad
3972 3449 4122 3534 ali·-

916 3583 1031 3663 ud
1112 3593 1156 3657 1‘
1230 3581 1430 3690 ped.
1503 3609 1565 3683 4
1630 3581 1844 3689 poll.
1916 3579 2030 3666 ib.
2173 3580 2602 3692 Pupillam
2668 3573 3605 3685 nontran'suersalem,
3709 3579 4121 3692 quemad·
4225 3683 4232 3694 .

912 3705 1279 3798 modam
1344 3708 1435 3796 in
1503 3708 1906 3796 omnibus
1966 3710 2649 3822 ruminantibus,
2717 3710 2858 3797 sed
2929 3709 3382 3832 rotundam
3454 3709 3874 3823 depinxit.

1915 3962 2075 4067 De
2152 3915 2562 4068 Bubalo
2623 3925 3122 4105 giganteo.

1302 4147 1820 4259 §.2.1n
1888 4151 2372 4264 Volumine
2457 4153 2701 4240 XIII.
2803 4154 3045 4239 Nou.
3119 4146 3622 4238 Comment.
3727 4137 4126 4231 eiusdem

908 4273 1187 4360 Acad.
1278 4304 1439 4387 pro
1507 4278 1775 4365 Anno
1872 4286 2144 4389 1769.
2215 4263 2618 4368 Bufalum
2705 4283 3199 4393 giganteum
3285 4277 3554 4363 soffile
3640 4272 4114 4361 admirabili

911 4426 1113 4487 cum
1163 4406 1751 4516 perspicuitate
1811 4409 2323 4523 descripsisti.
2394 4409 3018 4496 Differtationis
3071 4410 3301 4493 illius
3352 4405 3730 4519 pretium
3787 4402 4113 4512 magni·
4191 4505 4200 4514 .

910 4530 1188 4618 facere
1262 4532 1523 4621 didici
1591 4561 1705 4620 ex
1765 4539 2099 4624 summa
2166 4540 2728 4649 generofitate
2783 4529 3168 4627 Sereniss'.
3214 4534 3755 4646 Principiffae
3810 4525 4115 4640 Dosch-

909 4657 1088 4744 kow
1154 4662 1428 4750 Acad.
1516 4665 1841 4752 nostrae
1907 4665 2461 4779 Directricis,
2563 4694 2729 4780 qua
2794 4668 3118 4784 placuit
3184 4665 3405 4751 meis
3471 4664 3614 4751 ita
3651 4657 4115 4868 satisfacege

3909 4788 4016 4872 de

4223 5165 4313 5781 'fin-„um
