4390 5838
2120 501 3114 622 uuonan

2523 755 2733 847 DE

1168 938 2297 1097 CVRVIS
2351 859 3958 1118 TRACTORIIS
4121 963 4150 1120 ,ζ

1802 1199 1813 1206 ι
1990 1162 3218 1362 coMPos1T1S.,

2220 1445 2932 1596 ,Ἀιιᾶοι·ο’

2163 1617 2302 1728 L.
2361 1618 3065 1725 EVLE-Ro.

1728 1872 2102 1956 Conuent.
2178 1868 2447 1959 essxhib.
2492 1855 2598 1956 ‘d.
2682 1899 2824 1977 14.
2899 1871 3119 1982 Aug.
3199 1845 3472 1980 1775.
3575 1845 3581 1852 ’
3699 1819 3708 1827 ⁴
3793 1821 3798 1828 ι

2493 2177 2574 2290 §-
2654 2204 2738 2264 ι.

996 2283 1522 2522 Quando
1586 2359 1812 2475 filo,
1911 2366 2153 2453 cuius
2254 2364 2468 2454 alter
2562 2369 2976 2456 terminus
3044 2368 3291 2481 super
3354 2363 3615 2476 plano
3680 2360 4190 2450 horizontali

1299 2516 1457 2603 per
1524 2495 1809 2581 datam
1858 2494 2088 2578 viam
2151 2496 2717 2608 protrahitur,
2787 2498 2964 2582 duo
3034 2497 3391 2608 pluraue
3459 2490 3957 2605 corpuscula
4023 2491 4194 2577 fue·

1006 2618 1183 2706 tint
1265 2617 1654 2731 alligata,
1750 2623 1868 2705 ita
1930 2621 2466 2730 *tufi-ngulad
2507 2649 2700 2735 per,
2747 2650 3117 2723 „curuasgg
3161 2620 3634 2734 peculiares
3703 2620 4193 2731 procedant,

1008 2745 1208 2831 istae
1248 2771 1559 2833 curuae
1600 2746 2059 2835 'I'rabi'miae
2125 2750 2590 2860 compqfitae
2626 2751 2817 2835 sunt
2881 2750 3403 2862 appellatae,
3472 2773 3679 2860 quas
3747 2747 3888 2832 hic
3955 2747 4190 2830 fimili

889 2949 899 2959 .
1010 2874 1340 2980 modo,
1433 2899 1610 2986 quo
1677 2900 1954 2987 nuper
2018 2874 2512 2966 Trastorias
2578 2877 2999 2997 fimplices
3069 2876 3462 2991 tractaui,
3545 2876 4010 2964 accuratius
4073 2871 4222 2961 ιιι-ι’

995 3000 1411 3116 ⁸vestigare
1478 3002 1899 3092 constitui.

1390 3259 1469 3371 ς.
1543 3285 1629 3345 2.
1754 3260 2151 3351 Primum
2256 3281 2539 3353 autem
2607 3263 2751 3350 hic
2819 3260 3239 3366 obseruo,
3339 3260 3399 3345 fi
3466 3259 3684 3348 hanc
3790 3252 4195 3370 quaestio·

1011 3411 1217 3475 nem
1283 3385 1750 3476 secundum
1843 3394 2265 3508 principia
2366 3392 2911 3498 mechanica,
2999 3388 3402 3502 quorsum
3471 3415 3572 3475 ea
3635 3389 3931 3499 vtique
4002 3411 4197 3497 pro·

1005 3518 1199 3627 prie
1264 3514 1381 3598 est
1442 3514 1935 3627 referenda,
2031 3524 2446 3607 euoluere
2512 3519 2987 3627 vellemus,
3086 3537 3289 3604 tunc
3362 3517 3711 3629 quidem
3783 3515 4028 3600 facile
4096 3513 4195 3597 ad

1013 3638 1430 3729 formulas
1499 3643 2100 3733 differentiales
2170 3649 2515 3736 secundi
2582 3650 2891 3760 gradus
2958 3647 3676 3760 perduceremur,
3780 3668 3982 3755 quas
4053 3667 4199 3726 au·

1005 3785 1187 3856 tem
1254 3769 1504 3856 nullo
1568 3773 1850 3860 adhuc
1915 3777 2190 3862 modo
2258 3774 2375 3864 ob
2445 3775 2874 3862 defectum
2925 3773 3402 3882 Analyseos
3467 3771 3896 3858 resoluere
3963 3767 4194 3853 licet.

1001 3898 1240 3984 Hinc
1341 3899 1578 3986 istam
1681 3904 2258 4013 quaestionem
2323 3930 2372 3990 a
2438 3903 2951 3990 Mechanica
3015 3904 3120 3989 ad
3200 3925 3506 4014 puram
3611 3896 4196 3987 Geometriam

1006 4026 1260 4113 fimili
1327 4031 1602 4115 modo
1669 4028 1851 4117 sum
1920 4033 2524 4139 translaturus,
2598 4058 2775 4146 quo
2820 4030 3335 4119 Geometrae
3403 4027 3962 4143 Trastoriam·
4011 4026 4200 4110 vul·

1008 4179 1302 4263 garem
1370 4158 1937 4270 contemplari
2002 4161 2193 4246 sunt
2255 4158 2512 4244 soliti.
2647 4160 2895 4246 Loco
2996 4159 3316 4245 scilicet
3410 4181 3820 4242 verorum
3882 4153 4204 4265 princi-

1003 4283 1354 4391 piorum
1454 4296 1746 4373 mo'tus
1831 4291 1975 4376 hic
2057 4287 2545 4375 substituam
2643 4287 2862 4373 hanc
2963 4282 3554 4397 Hypothefin:
3667 4284 3902 4395 quod
3999 4282 4202 4366 viri-

1009 4407 1170 4494 bus
1238 4412 1884 4502 sollicitantibus
1954 4444 2130 4505 non
2200 4406 2860 4502 accelerationes
2935 4414 3245 4524 quibus
3313 4412 3634 4523 fingula
3701 4411 4204 4520 corpulcula

1003 4562 1707 4650 promouentur,
1774 4544 1913 4630 sed
1978 4544 2153 4656 ipsa
2216 4540 2568 4655 spatiola
2637 4539 3170 4656 tempusculo
3274 4542 3637 4629 minimo
3737 4537 4208 4649 descripta,

1002 4665 1162 4753 ssnt
1221 4672 1971 4794 proportionalia,
2048 4670 2539 4764 cuiusmodi
2604 4690 2948 4763 metum
3012 4673 3273 4765 effent
3336 4671 3770 4786 secutura,
3850 4668 3912 4755 fi
3985 4692 4207 4811 quo·

4073 4795 4201 4881 vis
