4390 5838
2029 530 2341 560 ---
2406 496 2719 615 (260)
2784 514 3096 564 —-··-

1360 710 1828 819 Substantia
1894 729 2076 818 eius
2146 730 2527 836 interim,
2599 751 2691 816 et
2755 731 3161 818 fibrarum
3231 730 3630 816 decursus
3701 728 3916 818 ebur
3992 728 4193 816 Ele-

971 857 1482 970 phantinum
1553 862 1767 946 mihi
1837 863 2237 949 videntur
2308 861 2760 946 declarare.
2910 864 3230 948 Nullos
3304 887 3515 945 vero
3587 860 3960 947 molares
4039 863 4194 945 hu-

971 989 1102 1073 ius
1171 990 1591 1100 incogniti
1664 992 1811 1105 nisi
1878 995 2186 1105 pistos,
2258 991 2489 1075 nulla
2558 992 2724 1075 offa
2795 994 2978 1076 eius
3047 990 3294 1077 vllibi
3364 992 3801 1095 videram,
3873 991 4189 1075 etiamsi

936 1117 1275 1205 ·Musea
1375 1118 1783 1230 Europae
1842 1122 2258 1206 ·maxime
2367 1119 2735 1204 celebria
2832 1122 3021 1206 satis
3124 1118 3474 1206 curioses
3546 1120 4183 1217 examinaffem3

975 1248 1518 1342 carniuorum
1589 1268 1870 1332 tamen
1942 1275 2117 1333 non
2192 1248 2428 1331 fuiss‘e
2500 1249 2810 1335 animal
2876 1278 2962 1363 p.
3010 1276 3220 1332 202.
3291 1247 3935 1335 ezr-molarium
3977 1248 4189 1362 figu-

968 1377 1298 1464 ratione
1366 1374 1915 1493 fimpliciter,-
1965 1377 2560 1467 determinaui.

1358 1614 1722 1722 Nouum
1798 1639 2201 1753 deinceps
2274 1640 2577 1727 cur1os
2589 1641 2733 1725 tat1
2804 1664 3045 1723 meae
3113 1635 3549 1755 stimulum
3618 1635 3947 1721 addidit
4019 1632 4182 1723 Ce-

969 1762 1141 1847 leb.
1213 1761 1647 1852 Michaelis
1743 1768 1912 1852 iarn
2001 1770 2450 1880 Marpurgi
2539 1767 2701 1853 Ce'
2710 1769 2937 1853 ebris
3009 1768 3255 1851 Med.
3327 1760 3789 1851 Professor.
3925 1764 4007 1849 Is
4073 1791 4179 1851 cx

968 1877 1377 1977 America
1456 1896 1734 1978 redux
1817 1897 1921 1981 ad
2008 1923 2147 1981 me
2239 1898 2457 1982 misit
2522 1897 2884 2006 figuram
2954 1898 3212 2007 palati
3281 1882 3767 1980 Mamontei
3860 1897 4181 2004 magni-

967 2020 1327 2235 Rudiae!
1370 2023 1726 2110 naturali
1772 2084 1802 2135 ,
1905 2042 2381 2113 atramento
2494 2025 2798 2110 Indico
2901 2027 3245 2163 egregie
3367 2018 3819 2136 depictam.
4000 2022 4182 2107 Ub-

1036 2175 1240 2263 uput

1359 2411 1758 2526 Quatuor
1825 2416 1906 2499 ei
1975 2417 2533 2503 inhaerebant
2601 2418 2942 2501 dentes
2969 2414 3375 2533 molares,
3447 2411 3953 2526 posteriores
4009 2413 4178 2498 duo
4299 2434 4300 2517 ς

967 2534 1324 2651 magni,
1398 2544 1775 2629 minores
1847 2534 2367 2651 anteriores,
2437 2546 2757 2657 figurae
2827 2518 3218 2628 eiusdem
3286 2563 3376 2627 et
3445 2542 3804 2649 formae,
3888 2542 4172 2652 quales
4299 2528 4300 2557 ¹

964 2670 1135 2756 iam
1203 2673 1491 2787 plures
1561 2673 1951 2786 inprimis
2025 2703 2070 2760 a
2109 2672 2578 2791 Collinsono,
2644 2702 2690 2759 a
2723 2670 2940 2759 Guil.
2935 2669 3364 2789 flumem,
3433 2688 3688 2793 atque
3733 2699 3781 2758 a
3828 2667 4170 2758 Comite

965 2800 1061 2885 de
1123 2798 1410 2913 Buffim
1476 2800 1588 2911 a)
1656 2804 2330 2915 repraesentatos
2402 2805 2812 2889 videram.

1355 3055 1452 3143 In
1524 3060 1717 3146 hoc
1768 3061 2057 3171 palato
2126 3061 2413 3148 nullus
2486 3077 2665 3147 erat
2729 3086 2890 3178 pro
2959 3058 3309 3146 exsertis
3380 3025 3624 3144 locus
3672 3117 3700 3165 a
3811 3056 4178 3145 dehisce-

944 3177 1171 3268 bant
1216 3187 1407 3274 offa
1471 3190 2167 3276 intermaxillaria
2233 3190 2440 3304 ipsa,
2515 3218 2730 3302 quae
2800 3210 3038 3276 erant
3107 3179 3458 3298 exigua'
3537 3184 3875 3272 Omnes
3930 3188 4175 3330 igitur
4297 3255 4298 3268 ἶ

940 3327 1213 3437 ‘meae
1277 3303 1819 3405 coniecturae
1887 3345 1995 3403 eo
2065 3318 2284 3429 ipso,
2358 3338 2810 3405 momento
2878 3345 3140 3404 vanae
3214 3344 3387 3400 non
3460 3318 3785 3424 modo,
3865 3316 4007 3410 sed
4071 3316 4174 3396 ri-

924 3429 1298 3529 'diculae
1372 3449 1883 3538 euadebant.
2017 3447 2398 3557 Scilicet,
2469 3449 2532 3536 fi
2599 3451 2799 3535 huic
2873 3447 3014 3535 Cl.
3081 3443 3516 3532 Michaelis
3542 3444 3947 3557 figurae,
3999 3443 4175 3529 vni·

966 3597 1116 3656 cae
1157 3629 1186 3679 ,
1284 3559 1499 3659 fides
1576 3577 1968 3661 habenda
2035 3579 2264 3661 effet.
2401 3578 2697 3663 Tanto
2767 3599 3060 3663 autem
3132 3602 3330 3661 cum
3398 3537 3761 3660 artificio
3832 3594 4170 3660 exarato

965 3681 1146 3787 erat
1208 3704 1529 3812 pistura
1572 3765 1599 3813 ,
1701 3706 1916 3811 stylo
1989 3708 2207 3790 adeo
2278 3710 2634 3796 naturali
2703 3727 2790 3790 et
2854 3733 3118 3811 vero,
3225 3721 3324 3789 vt
3386 3703 3898 3814 impoffibile
3968 3703 4163 3787 mihi

944 3830 1399 3916 *videretur
1435 3893 1466 3946 2
1570 3833 1849 3922 fistam
1888 3894 1917 3948 ,
2018 3835 2159 3923 seu
2250 3861 2362 3923 ex
2429 3838 3042 3950 imaginatione
3110 3833 3468 3921 Pistoris
3541 3830 3841 3919 factam
3943 3832 4161 3919 fuiffe
4295 3847 4296 3866 ¹

964 3959 1393 4051 tabulam!
4295 4025 4296 4036 ι

1396 4145 1401 4152 .
3931 4087 4160 4177 Affi-

1106 4409 1229 4514 a)
1280 4414 1390 4502 In
1440 4412 1639 4513 Suppl
1644 4443 1772 4489 em.
1823 4414 2021 4493 Hiss'.
2043 4419 2189 4492 Nat.
2243 4416 2466 4493 Tom.
2517 4415 2612 4492 V.
2657 4428 2834 4487 notes
2879 4409 3338 4507 iustificantes
3359 4434 3426 4510 p.
3478 4432 3600 4503 ςιι
3636 4407 3725 4478 Τ
3726 4407 3824 4479 ab.
3875 4405 3928 4479 1.
3976 4423 4042 4477 et
4087 4385 4158 4476 ll.

1252 4589 1261 4600 ,
1356 4511 1632 4588 Radices
1695 4525 2234 4591 mamonte‘orum
2284 4516 2645 4590 molarium
2677 4537 2839 4586 non
2888 4514 3056 4587 bene
3107 4509 3255 4585 sunt
3301 4503 3821 4608 repraesentatae,
3872 4503 4161 4578 deficiunt

1347 4612 1792 4688 musaei-sales
1840 4617 2086 4705 annuli,
2122 4643 2303 4716 quos
2327 4643 2580 4689 nomnes
2625 4616 2918 4702 hubents
2962 4609 3293 4712 supposuit
3341 4611 3445 4686 nl.
3499 4611 3746 4683 Coines
3794 4606 3885 4681 ib.
3929 4631 4000 4703 Ρ

1350 4719 1673 4817 vtrimque
1721 4737 1996 4815 quatuor
2047 4719 2150 4789 vel
2199 4716 2306 4793 sex
2353 4713 2580 4790 adeffe.
2684 4716 2868 4792 Tab.
2919 4716 3006 4790 V.
3058 4710 3328 4813 quidem
3384 4707 3677 4784 eiusdem
3723 4626 4156 4795 ammaliffised
4293 4753 4294 4776 2

1340 4823 1553 4912 magis
1603 4814 1870 4890 detritos
1918 4815 2184 4916 depingi
2235 4821 2524 4891 curauit.-
2599 4810 2751 4930 Fig.
2790 4808 3184 4890 Collinsonii
3229 4811 3395 4887 Phil.
3420 4806 3655 4884 Trans
3684 4807 3837 4885 Vol.
3878 4831 3956 4903 57
4003 4803 4148 4880 Tab.
4293 4815 4294 4838 ¹

1340 4916 1543 4994 xxn.
1588 4941 1658 5017 p.
1706 4921 1867 5011 469.
1923 4923 2186 5019 egregia
2235 4913 2527 5022 quidem,
2572 4909 2684 4992 sed
2734 4918 3012 4995 annulos
3059 4940 3203 4994 non
3252 4918 3580 5015 exprimit.
