4390 5838
2023 454 2347 491 ·········
2408 421 2722 538 (234>
2788 450 3133 581 ·-··---==

961 648 1436 763 Logworms
1502 640 1693 738 sunt¹
1757 648 2183 737 notisfimi.
2328 651 2685 740 Summa
2751 653 3323 777 magnitudo,
3400 679 3563 765 qua
3630 674 4154 765 occurrunt,

959 781 1076 865 est
1143 782 1339 866 osto
1408 778 1538 869 ad'
1582 783 1885 868 decem
1954 784 2410 896 pollicum,
2480 802 2569 867 et
2636 784 2884 894 digiti
2951 784 3310 872 minoris
3381 785 3807 871 craffities.
3894 787 4149 874 leone

953 904 1512 1024 nostra‘(fig.
1596 911 1801 1022 19.)
1870 915 2303 1000 minorem
2374 912 2757 1018 expreffi.
3156 944 3165 949 ’

1349 1166 1660 1280 Corpus
1725 1171 2030 1280 molle,
2098 1191 2358 1281 tereS,
2428 1173 2702 1259 antice
2762 1173 2983 1260 crass
2963 1199 3126 1278 uS,
3179 1171 3915 1279 subadtenuatum,
3951 1178 4150 1258 con·

956 1294 1184 1382 vexe'
1246 1292 1800 1408 annulosum,
1867 1303 2138 1416 vulgo
2206 1301 2774 1418 semipedale,
2844 1290 3195 1390 craffitie
3266 1301 3570 1390 calami
3638 1300 3948 1415 cygnei
4012 1303 4148 1389 vel

953 1426 1231 1513 antice
1295 1428 1652 1515 minoris
1723 1428 1996 1541 digiti.

1350 1685 1474 1774 Os
1538 1690 1898 1799 laxum,
2001 1708 2483 1781 truncatum
2522 1751 2553 1800 ,
2640 1692 2872 1781 labio
2941 1687 3280 1804 papillis
3349 1645 3676 1779 conicis
3749 1656 4145 1778 mollibus

960 1814 1374 1902 confertis
1445 1820 1724 1903 obsito
1762 1877 1790 1925 ,
1898 1844 2112 1929 quae
2178 1840 2269 1905 et
2333 1823 2425 1905 in
2492 1819 3081 1935 oesophagum
3120 1879 3151 1932 ,
3258 1849 3424 1935 pro
3491 1820 3775 1908 lubitu
3841 1822 4144 1908 vermis

956 1944 1551 2093 exserendum,
1619 1948 2252 2037 continuantur.

1338 2205 1637 2294 Annali
1719 2209 2109 2325 corporis
2198 2210 3101 2325 connexo-turgiduli
3140 2266 3171 2317 ,
3240 2206 3731 2321 *granuloso
3767 2206 4147 2315 -striati,

953 2336 1683 2446 prominentiores
1755 2340 2093 2459 circiter
2170 2360 2313 2444 19.
2385 2340 3065 2450 aequidistantes,
3145 2340 3425 2449 iisque
3493 2337 3904 2451 interieffi
3968 2336 4150 2423 vbi·

957 2489 1125 2575 que
1198 2468 1619 2579 quaterni,
1688 2468 2095 2556 nisiinter
2136 2469 2355 2555 duos
2396 2470 2761 2581 primoS,
2796 2468 2941 2553 vbi
2977 2486 3306 2553 tantum
3342 2466 3518 2553 bini
3574 2464 3788 2577 (fig.
3836 2465 4111 2576 192³).

1334 2723 1792 2842 Fasticulus
1858 2725 1999 2813 seu
2066 2727 2522 2840 penicillus
2560 2725 3050 2815 'setularum
3113 2724 3716 2811 subaurearum
3783 2719 4144 2806 setaceus

949 2851 1355 2965 vtrinque
1459 2859 1565 2943 ad
1666 2855 2015 2944 dorsum
2111 2861 2202 2943 in
2303 2857 2637 2974 fingulo
2723 2856 3239 2942 annulorum
3308 2851 4146 2965 prominentiorum,

953 2983 1348 3094 adeoque
1428 3010 1569 3089 19.
1636 2987 2017 3097 parium3
2123 3014 2498 3100 quorum
2568 2986 2887 3098 septem
2953 2985 3242 3096 priora
3305 2982 3764 3094 fimplicia,
3829 2979 4146 3090 reliqua

950 3105 1272 3221 p'ostice
1340 3111 1628 3224 stipata
1691 3112 2174 3203 branchiolis
2245 3115 2387 3202 feu
2459 3117 2761 3202 cirrhis
2830 3114 3195 3224 pinnatis
3264 3111 3306 3220 (
3315 3110 3478 3220 fig.
3546 3108 3836 3220 19.*).
3908 3109 4142 3214 ·Hae

954 3238 1411 3327 branchiae
1478 3243 1814 3330 interne
1880 3263 1975 3328 et
2033 3227 2354 3357 pollice
2423 3248 2525 3334 ad
2598 3242 3057 3356 penicillos
3128 3239 3668 3346 enascuntur,
3712 3238 4142 3349 longiores

943 3367 1272 3485 vbique
1349 3395 1430 3454 2.
1500 3389 1590 3455 et
1656 3373 1990 3485 aliquot
2056 3374 2477 3485 minores,
2539 3374 2840 3461 lineari
2907 3372 3441 3478 adtenuatae,
3505 3368 3900 3482 pinnatae
3962 3367 4146 3479 pin·

950 3498 1179 3584 nulis
1248 3500 1719 3612 confertis,
1802 3503 2177 3590 ramofis.
2262 3545 2269 3556 ·

1335 3759 1667 3849 Annuli
1736 3764 2500 3873 prominentiores,
2573 3758 3062 3874 praesertim
3130 3755 3715 3871 posteriores,
3751 3757 3856 3843 ad
3897 3754 4139 3843 latera

950 3881 1487 3974 subbilabiati
1522 3949 1554 3999 ,
1648 3909 1745 3977 vt
1834 3894 2055 4004 quafi
2133 3894 2832 4009 pedunculorum
2899 3912 3402 4012 carneorum
3468 3887 3561 3973 in
3625 3883 4134 3974 Nereidibus

950 3993 1295 4127 vestigia
1362 4023 1873 4131 exprimant.

1338 4208 1646 4323 Postica
1714 4216 2105 4327 corporis
2175 4217 2672 4308 extremitas
2742 4211 3211 4327 aequaliter
3277 4209 3671 4300 annulata
3705 4265 3738 4321 ,
3819 4224 4137 4295 trunci⁴
4264 4295 4271 4306 .

950 4347 1083 4421 ta·
1053 4396 1083 4439 ,
1153 4340 1293 4424 ani
1358 4362 1744 4453 apertura
1813 4348 2268 4436 terminali.

1340 4531 1620 4619 Color
1667 4538 2053 4627 animalis
2141 4539 2510 4629 recentis
2583 4539 2808 4653 quafi
2876 4538 3093 4627 cutis
3167 4534 3708 4650 quorundam
3773 4528 4139 4648 Nigrita-

947 4677 1193 4774 rum,
1261 4679 1616 4753 carneus
1656 4724 1688 4780 ,
1743 4670 2211 4785 nigredine
2276 4667 2736 4763 obduel't'rsl
2871 4667 3349 4761 Branchiae
3412 4663 3770 4756 albidae.
3822 4715 3829 4718 -
3944 4813 3981 4824 ..
4030 4783 4113 4877 v
