4390 5838
1969 508 2276 556 =====
2345 472 2655 589 (216)

1164 694 1168 700 ¹
1287 707 1511 795 bafin
1600 704 1802 791 coni
1890 706 1989 791 ad
2089 707 2586 819 columnam
2659 704 3275 813 triangularem·
3337 682 3685 812 transit‘⁹
3787 722 3876 787 et
3940 703 4125 815 spe-

1143 873 1153 884 ·
1283 839 1630 925 luricam
1714 840 1880 920 vna‘
1965 863 2164 921 cum
2255 863 2485 921 cono
2583 836 2667 916 in
2742 834 2899 917 fitu
2964 821 3484 947 'naturali-et
3550 860 3753 919 cum
3823 837 4121 918 maiori

1174 1023 1183 1033 ·
1284 969 1691 1080 portione
1764 963 1989 1050 funis
2069 966 2367 1052 efficit.
2477 963 2770 1073 (Tab.
2844 962 3006 1047 IV.
3052 948 3361 1073 '67.).'
3489 961 3801 1050 Oritur
3866 992 3914 1050 a
3979 991 4125 1049 co-

1286 1097 1578 1181 lumna
1652 1093 2008 1203 triangu
2021 1099 2169 1203 ari,
2251 1095 2831 1203 Vltimumque
2901 1091 3165 1176 efficit
3233 1091 3559 1180 funem.

1028 1278 1114 1337 v.
1187 1247 1650 1338 Orificium
1719 1277 1881 1361 pro
1949 1253 2237 1361 primo
2306 1244 2552 1336 ramo
2623 1248 2973 1335 arteriae
3044 1252 3547 1363 coronariae
3616 1249 3976 1337 finistrae
4037 1249 4123 1333 in

1281 1383 1440 1468 hac
1509 1381 1914 1493 portione
1986 1379 2212 1464 funis
2288 1379 2578 1490 (Tab.
2650 1377 2815 1463 IV.
2892 1385 3039 1469 68.
3064 1379 3151 1489 ).

1025 1564 1133 1623 w.
1205 1534 1430 1622 Bafis
1503 1534 1702 1620 coni
1773 1533 2148 1618 arteriofi
2216 1533 2303 1618 in
2373 1534 2637 1620 latere
2707 1529 3026 1623 finistro
3098 1531 3389 1645 (Tab.
3459 1532 3628 1621 IV.
3709 1534 3931 1647 w.).

1022 1712 1422 1791 x.z.5.
1505 1717 1648 1799 17.
1751 1686 2054 1773 Conus
2126 1688 2577 1774 arteriosus
2646 1687 3016 1773 reflexus
3059 1746 3090 1799 ,
3194 1707 3427 1776 totus
3495 1687 3720 1776 liber
3782 1692 3875 1775 in
3947 1688 4118 1776 hoc

1280 1819 1575 1922 corde,
1648 1835 1736 1901 et
1801 1816 2228 1926 separatus
2300 1844 2345 1900 a
2413 1814 2682 1925 septo.

1019 2001 1111 2061 x.
1179 1973 1446 2084 Apex
1513 1974 1713 2057 coni
1780 1973 1870 2055 in
1939 1971 2205 2058 latere
2276 1969 2624 2054 finistro.

869 2132 878 2143 “
1015 2154 1126 2213 z.
1176 2124 1401 2212 Bafis
1490 2126 1576 2207 in
1641 2125 2049 2234 eodem,
2138 2150 2313 2237 qua
2398 2125 2784 2267 portioni
2826 2127 3172 2213 minori
3245 2127 3471 2215 funis
3541 2130 3947 2243 apphcati
4019 2130 4123 2215 ad

1211 2254 1594 2339 ..haeret

1019 2404 1260 2525 κε..
1329 2413 1399 2495 L
1409 2430 1589 2496 atus
1663 2410 1860 2497 coni
1931 2410 2231 2496 reflexi
2299 2412 2779 2521 sinistrum,
2869 2412 3237 2499 liberum
3310 2417 3413 2501 ad
3483 2412 3709 2502 bafin
3778 2411 3925 2500 seu
3992 2414 4127 2553 in·

1261 2538 1738 2626 fertionem
1805 2540 2068 2626 fibrae
2140 2543 2748 2628 circumflexae
2820 2542 3021 2653 (z.)
3089 2571 3389 2656 vsque.

1012 2724 1112 2787 ετ.
1180 2726 1261 2785 z.
1342 2720 1490 2798 51.
1568 2720 1715 2799 53.
1801 2724 1878 2782 1.
1925 2727 2025 2807 y.
2095 2699 2395 2788 Fibrae
2469 2701 3072 2786 circumflexae
3142 2700 3561 2787 finistrae
3537 2726 3624 2786 ιιι
3670 2698 4121 2814 posteriori

1035 2846 1039 2851 ·
1275 2829 1476 2912 coni
1548 2825 2020 2940 superficie.

1018 3012 1113 3070 x.
1182 3014 1263 3072 z.
1342 3005 1490 3084 5ι.
1571 3007 1718 3085 52.
1797 3009 1946 3089 53.
2052 2988 2354 3074 Fibrae
2426 2987 3030 3075 circumflexae
3097 2989 3520 3140 sinistrae,
3586 3016 3810 3101 quae
3868 3016 3927 3075 a
3992 2988 4124 3076 Ia-

942 3111 948 3118 ’
1273 3130 1452 3199 tere
1540 3115 1945 3201 anteriori
2034 3114 2241 3204 bafis
2329 3124 2680 3204 arteriae
2764 3120 3290 3229 pulmonalis
3361 3122 3722 3230 eiusque
3792 3121 4119 3244 angulo

1273 3240 1595 3326 finistro
1690 3244 2085 3334 oriuntur
2186 3244 2480 3355 (Tab.
2557 3248 2719 3334 IV.
2789 3273 2858 3331 s.
2929 3268 2990 3331 t.
3068 3245 3172 3336 C.
3246 3247 3360 3333 Ι).
3383 3252 3494 3360 )‚
3597 3251 3820 3333 circa
3890 3250 4119 3333 latus
4300 3311 4301 3350 2

1271 3369 1686 3461 finistrum
1755 3378 1952 3463 coni
2022 3376 2110 3461 in
2182 3375 2354 3465 hoc
2427 3378 2691 3464 corde
2762 3377 3211 3463 flectuntur
3280 3377 3432 3486 (x.
3501 3405 3583 3463 z.
3658 3376 3883 3474 Tab.
3941 3376 4159 3463 lv..
4300 3379 4301 3402 ¹

1278 3493 1384 3583 C.
1459 3497 1638 3607 D.)
1709 3503 1793 3585 in
1865 3491 2415 3615 superficiem
2473 3506 2652 3589 eius
2726 3506 3320 3617 posteriorem,
3386 3509 3473 3592 in
3529 3532 3800 3625 eaque
3838 3530 4180 3617 porro-
4300 3483 4301 3496 Ν

1276 3627 1633 3739 oblique
1741 3632 2333 3732 descendunt,
2440 3660 2671 3724 cum
2741 3638 2843 3720 ad
2949 3637 3222 3746 ipsum
3325 3638 3525 3722 coni
3631 3641 4124 3754 marginem

1193 3753 1428 3863 ·(x.
1495 3759 1642 3870 z.)
1729 3761 1815 3844 in
1885 3763 2073 3850 aliis
2148 3762 2556 3855 cordibus
2627 3763 2786 3855 hae
2854 3765 3117 3856 fibrae
3186 3753 3652 3874 finiantur,
3748 3767 4121 3854 inlex-tae

1264 3885 1356 3974 in
1431 3914 1802 3976 crenam.

1001 4070 1101 4130 x.
1179 4063 1326 4145 53.
1431 4042 1680 4131 Fibra
1727 4074 1880 4146 ⁴ex
1972 4047 2153 4159 ipso
2226 4048 2546 4160 angulo
2616 4047 2825 4136 basis
2898 4050 3249 4136 arteriae
3321 4050 3841 4164 pulmonalis
3911 4048 4127 4133 fini-

1266 4171 1431 4256 stro
1504 4195 1721 4283 orta,
1792 4178 1877 4259 in
1949 4178 2099 4262 fitu
2173 4181 2532 4266 naturali
2603 4180 2752 4263 vix
2821 4207 3269 4291 apparens,
3336 4181 3867 4289 ideoque.in
3920 4182 4128 4264 ico·

1119 4321 1130 4332 ·
1268 4304 1624 4395 ne''non
1695 4307 2073 4416 expreffa
2139 4308 2436 4416 (Tab.
2510 4307 2672 4390 IV.
2744 4311 2846 4393 ad
2920 4308 3134 4418 C.).
3278 4309 3525 4427 Quae
3563 4312 3647 4394 in
3690 4310 3868 4395 aliis
3905 4335 4125 4394 cor-

1159 4523 1164 4530 ,
1267 4428 1552 4518 dibus.
1591 4434 2486 4542 primacircumflexa
2554 4436 2895 4546 sinistra,
2982 4440 3553 4552 omniumque
3622 4439 4119 4528 breuiffima

1261 4555 1416 4664 est{
1484 4578 1571 4662 et
1640 4563 1726 4646 in
1799 4565 2276 4674 supremam
2346 4585 2682 4679 partem
2751 4593 3090 4716 aenae,
3159 4593 3521 4678 eiusque
3555 4570 3830 4679 1psum
3865 4569 4124 4679 prin·-

1263 4687 1632 4824 cipium·
1676 4692 2164 4802 inferitum·
2273 4693 2522 4820 Quae
2606 4722 2853 4830 ergo
2898 4698 2989 4787 in
3076 4699 3250 4789 hec
3334 4689 3601 4792 corde
3650 4699 3931 4809 longa
4004 4699 4121 4786 ad

3746 4828 4119 4943 supet-

2890 4913 2927 4930 ,f
