<?xml version="1.0" encoding="UTF-8"?>
<!DOCTYPE html PUBLIC "-//W3C//DTD XHTML 1.0 Transitional//EN"
    "http://www.w3.org/TR/xhtml1/DTD/xhtml1-transitional.dtd">
<html xmlns="http://www.w3.org/1999/xhtml" xml:lang="en" lang="en">
 <head>
  <title>
</title>
<meta http-equiv="Content-Type" content="text/html;charset=utf-8" />
  <meta name='ocr-system' content='tesseract 3.04.00' />
  <meta name='ocr-capabilities' content='ocr_page ocr_carea ocr_par ocr_line ocrx_word'/>
</head>
<body>
  <div class='ocr_page' id='page_1' title='image "./novaactaacademi00unkngoog_0341.png"; bbox 0 0 4390 5838; ppageno 0'>
   <div class='ocr_carea' id='block_1_1' title="bbox 1330 483 2515 595">
    <p class='ocr_par' dir='ltr' id='par_1_1' title="bbox 1330 483 2515 595">
     <span class='ocr_line' id='line_1_1' title="bbox 1330 483 2515 595; baseline 0.004 -30"><span class='ocrx_word' id='word_1_1' title='bbox 1330 515 1638 567; x_wconf 80' lang='lat'><em>====</em></span> <span class='ocrx_word' id='word_1_2' title='bbox 1705 483 2018 595; x_wconf 79' lang='lat'><strong>(213)</strong></span> <span class='ocrx_word' id='word_1_3' title='bbox 2083 519 2396 546; x_wconf 90' lang='lat'>-—</span> <span class='ocrx_word' id='word_1_4' title='bbox 2502 527 2515 571; x_wconf 48' lang='lat' dir='ltr'>f</span> 
     </span>
    </p>
   </div>
   <div class='ocr_carea' id='block_1_2' title="bbox 2083 550 2394 571">
    <p class='ocr_par' dir='ltr' id='par_1_2' title="bbox 2083 550 2394 571">
     <span class='ocr_line' id='line_1_2' title="bbox 2083 550 2394 571; baseline 0 5267"><span class='ocrx_word' id='word_1_5' title='bbox 2083 550 2394 571; x_wconf 95' lang='lat' dir='ltr'> </span> 
     </span>
    </p>
   </div>
   <div class='ocr_carea' id='block_1_3' title="bbox 361 708 3467 867">
    <p class='ocr_par' dir='ltr' id='par_1_3' title="bbox 361 708 3467 867">
     <span class='ocr_line' id='line_1_3' title="bbox 361 708 3467 867; baseline 0.003 -69"><span class='ocrx_word' id='word_1_6' title='bbox 361 746 518 867; x_wconf 89' lang='grc'><strong><em>99.</em></strong></span> <span class='ocrx_word' id='word_1_7' title='bbox 627 709 816 799; x_wconf 81' lang='lat' dir='ltr'>Vbi</span> <span class='ocrx_word' id='word_1_8' title='bbox 888 708 1112 823; x_wconf 81' lang='lat' dir='ltr'>quasi</span> <span class='ocrx_word' id='word_1_9' title='bbox 1183 713 1572 797; x_wconf 66' lang='lat' dir='ltr'>atti-astus</span> <span class='ocrx_word' id='word_1_10' title='bbox 1642 732 1974 825; x_wconf 75' lang='lat' dir='ltr'>partem</span> <span class='ocrx_word' id='word_1_11' title='bbox 2040 714 2457 818; x_wconf 63' lang='lat' dir='ltr'>interstitii</span> <span class='ocrx_word' id='word_1_12' title='bbox 2526 716 2871 861; x_wconf 85' lang='lat' dir='ltr'>apicum</span> <span class='ocrx_word' id='word_1_13' title='bbox 2937 718 3467 806; x_wconf 83' lang='lat' dir='ltr'>ventriculo·-</span> 
     </span>
    </p>
   </div>
   <div class='ocr_carea' id='block_1_4' title="bbox 607 840 3465 1083">
    <p class='ocr_par' dir='ltr' id='par_1_4' title="bbox 624 840 3465 1083">
     <span class='ocr_line' id='line_1_4' title="bbox 624 840 3465 960; baseline 0.002 -33"><span class='ocrx_word' id='word_1_14' title='bbox 624 867 826 927; x_wconf 87' lang='lat' dir='ltr'>rum</span> <span class='ocrx_word' id='word_1_15' title='bbox 911 840 1591 953; x_wconf 87' lang='lat' dir='ltr'>prominentium</span> <span class='ocrx_word' id='word_1_16' title='bbox 1654 841 1938 954; x_wconf 87' lang='lat' dir='ltr'>replet</span> <span class='ocrx_word' id='word_1_17' title='bbox 1976 901 2005 951; x_wconf 84' lang='lat'>,</span> <span class='ocrx_word' id='word_1_18' title='bbox 2113 845 2507 930; x_wconf 74' lang='lat' dir='ltr'>transiens</span> <span class='ocrx_word' id='word_1_19' title='bbox 2575 846 2666 928; x_wconf 87' lang='lat' dir='ltr'>in</span> <span class='ocrx_word' id='word_1_20' title='bbox 2738 848 3259 960; x_wconf 86' lang='lat' dir='ltr'>superiorem</span> <span class='ocrx_word' id='word_1_21' title='bbox 3328 850 3465 934; x_wconf 88' lang='lat' dir='ltr'>su-</span> 
     </span>
     <span class='ocr_line' id='line_1_5' title="bbox 607 970 1116 1083; baseline -0.011 -24.723"><span class='ocrx_word' id='word_1_22' title='bbox 607 970 1116 1083; x_wconf 75' lang='lat' dir='ltr'>perficiem.</span> 
     </span>
    </p>
   </div>
   <div class='ocr_carea' id='block_1_5' title="bbox 257 1098 3575 2005">
    <p class='ocr_par' dir='ltr' id='par_1_5' title="bbox 365 1098 3575 1477">
     <span class='ocr_line' id='line_1_6' title="bbox 375 1098 3575 1215; baseline 0.002 -28"><span class='ocrx_word' id='word_1_23' title='bbox 375 1127 583 1188; x_wconf 86' lang='lat'><strong>100.</strong></span> <span class='ocrx_word' id='word_1_24' title='bbox 659 1099 1188 1185; x_wconf 78' lang='lat' dir='ltr'>Extremitas</span> <span class='ocrx_word' id='word_1_25' title='bbox 1253 1099 1806 1208; x_wconf 75' lang='lat' dir='ltr'>vnciformis‚</span> <span class='ocrx_word' id='word_1_26' title='bbox 1876 1101 2018 1188; x_wconf 88' lang='lat' dir='ltr'>seu</span> <span class='ocrx_word' id='word_1_27' title='bbox 2085 1098 2394 1211; x_wconf 63' lang='lat' dir='ltr'>vnum,</span> <span class='ocrx_word' id='word_1_28' title='bbox 2460 1101 2933 1215; x_wconf 83' lang='lat' dir='ltr'>applicatus</span> <span class='ocrx_word' id='word_1_29' title='bbox 3002 1108 3107 1192; x_wconf 78' lang='lat' dir='ltr'>ad</span> <span class='ocrx_word' id='word_1_30' title='bbox 3175 1124 3463 1194; x_wconf 82' lang='lat' dir='ltr'>extre·</span> <span class='ocrx_word' id='word_1_31' title='bbox 3556 1112 3575 1118; x_wconf 78' lang='grc'><strong>’</strong></span> 
     </span>
     <span class='ocr_line' id='line_1_7' title="bbox 537 1230 3507 1347; baseline 0.002 -33"><span class='ocrx_word' id='word_1_32' title='bbox 537 1252 546 1258; x_wconf 74' lang='grc'>’</span> <span class='ocrx_word' id='word_1_33' title='bbox 571 1231 1011 1315; x_wconf 79' lang='lat' dir='ltr'>mitatem</span> <span class='ocrx_word' id='word_1_34' title='bbox 1065 1231 1666 1341; x_wconf 85' lang='lat' dir='ltr'>procurrentis</span> <span class='ocrx_word' id='word_1_35' title='bbox 1729 1230 2088 1318; x_wconf 87' lang='lat' dir='ltr'>funiculi</span> <span class='ocrx_word' id='word_1_36' title='bbox 2129 1232 2453 1343; x_wconf 54' lang='lat' dir='ltr'>breuis7</span> <span class='ocrx_word' id='word_1_37' title='bbox 2488 1233 2807 1347; x_wconf 79' lang='lat' dir='ltr'>pariter</span> <span class='ocrx_word' id='word_1_38' title='bbox 2846 1237 3454 1323; x_wconf 80' lang='lat' dir='ltr'>vnciformem.</span> <span class='ocrx_word' id='word_1_39' title='bbox 3500 1294 3507 1301; x_wconf 85' lang='lat'><strong>·</strong></span> 
     </span>
     <span class='ocr_line' id='line_1_8' title="bbox 365 1357 3450 1477; baseline 0.002 -32"><span class='ocrx_word' id='word_1_40' title='bbox 365 1387 576 1446; x_wconf 83' lang='lat'>101.</span> <span class='ocrx_word' id='word_1_41' title='bbox 645 1357 1174 1444; x_wconf 77' lang='lat' dir='ltr'>Exti-emitas</span> <span class='ocrx_word' id='word_1_42' title='bbox 1245 1357 1802 1466; x_wconf 79' lang='lat' dir='ltr'>vnciformis‚</span> <span class='ocrx_word' id='word_1_43' title='bbox 1875 1359 2018 1447; x_wconf 84' lang='lat' dir='ltr'>seu</span> <span class='ocrx_word' id='word_1_44' title='bbox 2083 1389 2356 1450; x_wconf 76' lang='lat' dir='ltr'>vncus</span> <span class='ocrx_word' id='word_1_45' title='bbox 2432 1357 2793 1450; x_wconf 85' lang='lat' dir='ltr'>funiculi</span> <span class='ocrx_word' id='word_1_46' title='bbox 2866 1372 3450 1477; x_wconf 85' lang='lat' dir='ltr'>procurrentis</span> 
     </span>
    </p>

    <p class='ocr_par' dir='ltr' id='par_1_6' title="bbox 257 1484 3565 1993">
     <span class='ocr_line' id='line_1_9' title="bbox 531 1484 3565 1620; baseline 0.003 -47.259"><span class='ocrx_word' id='word_1_47' title='bbox 531 1488 955 1620; x_wconf 78' lang='lat' dir='ltr'>breuiS‚</span> <span class='ocrx_word' id='word_1_48' title='bbox 1021 1484 1496 1606; x_wconf 74' lang='lat' dir='ltr'>applicatus</span> <span class='ocrx_word' id='word_1_49' title='bbox 1561 1490 1876 1601; x_wconf 83' lang='lat' dir='ltr'>pariter</span> <span class='ocrx_word' id='word_1_50' title='bbox 1944 1511 2244 1580; x_wconf 82' lang='lat' dir='ltr'>contra</span> <span class='ocrx_word' id='word_1_51' title='bbox 2308 1517 2634 1578; x_wconf 75' lang='lat' dir='ltr'>vacum</span> <span class='ocrx_word' id='word_1_52' title='bbox 2703 1494 3084 1580; x_wconf 79' lang='lat' dir='ltr'>fasciculi</span> <span class='ocrx_word' id='word_1_53' title='bbox 3152 1490 3452 1582; x_wconf 54' lang='lat' dir='ltr'>termiss</span> <span class='ocrx_word' id='word_1_54' title='bbox 3549 1514 3565 1529; x_wconf 90' lang='lat'>&#39;</span> 
     </span>
     <span class='ocr_line' id='line_1_10' title="bbox 614 1606 3133 1725; baseline 0.002 -23"><span class='ocrx_word' id='word_1_55' title='bbox 614 1606 864 1725; x_wconf 74' lang='lat' dir='ltr'>nalis.</span> <span class='ocrx_word' id='word_1_56' title='bbox 3120 1642 3133 1659; x_wconf 76' lang='grc'><em>“</em></span> 
     </span>
     <span class='ocr_line' id='line_1_11' title="bbox 257 1720 3442 1871; baseline 0.002 -36"><span class='ocrx_word' id='word_1_57' title='bbox 257 1822 270 1835; x_wconf 96' lang='grc'><strong><em>.</em></strong></span> <span class='ocrx_word' id='word_1_58' title='bbox 364 1772 574 1833; x_wconf 75' lang='lat'><strong>102.</strong></span> <span class='ocrx_word' id='word_1_59' title='bbox 644 1720 1100 1849; x_wconf 80' lang='lat' dir='ltr'>Centrum</span> <span class='ocrx_word' id='word_1_60' title='bbox 1139 1772 1621 1835; x_wconf 87' lang='lat' dir='ltr'>commune</span> <span class='ocrx_word' id='word_1_61' title='bbox 1697 1747 2167 1859; x_wconf 83' lang='lat' dir='ltr'>focorum,</span> <span class='ocrx_word' id='word_1_62' title='bbox 2277 1752 2515 1862; x_wconf 89' lang='lat' dir='ltr'>quod</span> <span class='ocrx_word' id='word_1_63' title='bbox 2588 1750 2937 1838; x_wconf 85' lang='lat' dir='ltr'>duobus</span> <span class='ocrx_word' id='word_1_64' title='bbox 3002 1755 3442 1871; x_wconf 69' lang='lat' dir='ltr'><strong>descriptis</strong></span> 
     </span>
     <span class='ocr_line' id='line_1_12' title="bbox 607 1874 3449 2005; baseline 0.002 -43"><span class='ocrx_word' id='word_1_65' title='bbox 607 1877 886 1984; x_wconf 77' lang='lat' dir='ltr'>vnciS‚</span> <span class='ocrx_word' id='word_1_66' title='bbox 956 1878 1064 1962; x_wconf 77' lang='lat' dir='ltr'>ad</span> <span class='ocrx_word' id='word_1_67' title='bbox 1129 1874 1212 1962; x_wconf 88' lang='lat' dir='ltr'>se</span> <span class='ocrx_word' id='word_1_68' title='bbox 1281 1900 1585 1962; x_wconf 86' lang='lat' dir='ltr'>mutuo</span> <span class='ocrx_word' id='word_1_69' title='bbox 1654 1879 2136 1990; x_wconf 72' lang='lat' dir='ltr'>applicatis.</span> <span class='ocrx_word' id='word_1_70' title='bbox 2210 1882 2904 2005; x_wconf 80' lang='lat' dir='ltr'>continuatisque</span> <span class='ocrx_word' id='word_1_71' title='bbox 2975 1886 3063 1966; x_wconf 88' lang='lat' dir='ltr'>in</span> <span class='ocrx_word' id='word_1_72' title='bbox 3133 1886 3218 1971; x_wconf 90' lang='lat' dir='ltr'>se</span> <span class='ocrx_word' id='word_1_73' title='bbox 3256 1912 3449 1968; x_wconf 89' lang='lat' dir='ltr'>mu-</span> 
     </span>
    </p>
   </div>
   <div class='ocr_carea' id='block_1_6' title="bbox 583 1995 3445 2222">
    <p class='ocr_par' dir='ltr' id='par_1_7' title="bbox 583 1995 3445 2222">
     <span class='ocr_line' id='line_1_13' title="bbox 583 1995 3445 2123; baseline 0.005 -38"><span class='ocrx_word' id='word_1_74' title='bbox 583 2023 846 2114; x_wconf 51' lang='lat' dir='ltr'>tuo,x</span> <span class='ocrx_word' id='word_1_75' title='bbox 883 2024 979 2090; x_wconf 76' lang='lat' dir='ltr'>vt</span> <span class='ocrx_word' id='word_1_76' title='bbox 1044 2007 1465 2093; x_wconf 85' lang='lat' dir='ltr'>circulum</span> <span class='ocrx_word' id='word_1_77' title='bbox 1528 2007 1853 2093; x_wconf 84' lang='lat' dir='ltr'>inclusa</span> <span class='ocrx_word' id='word_1_78' title='bbox 1922 2007 2274 2095; x_wconf 82' lang='lat' dir='ltr'>foueola</span> <span class='ocrx_word' id='word_1_79' title='bbox 2337 1995 2714 2096; x_wconf 81' lang='lat' dir='ltr'>rotunda</span> <span class='ocrx_word' id='word_1_80' title='bbox 2777 2009 3187 2123; x_wconf 82' lang='lat' dir='ltr'>efficiant,</span> <span class='ocrx_word' id='word_1_81' title='bbox 3257 2016 3445 2100; x_wconf 86' lang='lat' dir='ltr'>for-</span> 
     </span>
     <span class='ocr_line' id='line_1_14' title="bbox 605 2156 914 2222; baseline -0.01 0"><span class='ocrx_word' id='word_1_82' title='bbox 605 2156 914 2222; x_wconf 82' lang='lat' dir='ltr'>matur.</span> 
     </span>
    </p>
   </div>
   <div class='ocr_carea' id='block_1_7' title="bbox 347 2254 3442 4870">
    <p class='ocr_par' dir='ltr' id='par_1_8' title="bbox 359 2254 3442 3026">
     <span class='ocr_line' id='line_1_15' title="bbox 359 2254 3441 2382; baseline 0.003 -35"><span class='ocrx_word' id='word_1_83' title='bbox 359 2289 566 2370; x_wconf 86' lang='lat'>103.</span> <span class='ocrx_word' id='word_1_84' title='bbox 636 2265 1127 2351; x_wconf 84' lang='lat' dir='ltr'>Fasciculus</span> <span class='ocrx_word' id='word_1_85' title='bbox 1199 2258 1696 2351; x_wconf 69' lang='lat' dir='ltr'>terminalis.</span> <span class='ocrx_word' id='word_1_86' title='bbox 1739 2254 2128 2373; x_wconf 76' lang='lat' dir='ltr'>medius,</span> <span class='ocrx_word' id='word_1_87' title='bbox 2216 2283 2455 2353; x_wconf 90' lang='lat' dir='ltr'>ortus</span> <span class='ocrx_word' id='word_1_88' title='bbox 2526 2267 2612 2352; x_wconf 90' lang='lat' dir='ltr'>in</span> <span class='ocrx_word' id='word_1_89' title='bbox 2683 2267 3071 2356; x_wconf 86' lang='lat' dir='ltr'>inferiori</span> <span class='ocrx_word' id='word_1_90' title='bbox 3118 2269 3441 2382; x_wconf 85' lang='lat' dir='ltr'>-super-</span> 
     </span>
     <span class='ocr_line' id='line_1_16' title="bbox 601 2394 3438 2521; baseline 0.002 -41"><span class='ocrx_word' id='word_1_91' title='bbox 601 2394 796 2481; x_wconf 88' lang='lat' dir='ltr'>ficie</span> <span class='ocrx_word' id='word_1_92' title='bbox 865 2421 980 2481; x_wconf 80' lang='lat' dir='ltr'>ex</span> <span class='ocrx_word' id='word_1_93' title='bbox 1045 2394 1466 2483; x_wconf 80' lang='lat' dir='ltr'>vallecula</span> <span class='ocrx_word' id='word_1_94' title='bbox 1529 2424 1577 2481; x_wconf 81' lang='lat' dir='ltr'>a</span> <span class='ocrx_word' id='word_1_95' title='bbox 1645 2398 2019 2506; x_wconf 80' lang='lat' dir='ltr'>capitato</span> <span class='ocrx_word' id='word_1_96' title='bbox 2087 2396 2526 2521; x_wconf 87' lang='lat' dir='ltr'>principio</span> <span class='ocrx_word' id='word_1_97' title='bbox 2594 2401 2683 2481; x_wconf 87' lang='lat' dir='ltr'>in</span> <span class='ocrx_word' id='word_1_98' title='bbox 2740 2401 2911 2485; x_wconf 92' lang='lat' dir='ltr'>hoc</span> <span class='ocrx_word' id='word_1_99' title='bbox 2954 2401 3217 2485; x_wconf 90' lang='lat' dir='ltr'>corde</span> <span class='ocrx_word' id='word_1_100' title='bbox 3261 2397 3438 2519; x_wconf 63' lang='lat' dir='ltr'>qu-</span> 
     </span>
     <span class='ocr_line' id='line_1_17' title="bbox 603 2524 3442 2639; baseline 0.002 -32"><span class='ocrx_word' id='word_1_101' title='bbox 603 2524 860 2609; x_wconf 85' lang='lat' dir='ltr'>ciculi</span> <span class='ocrx_word' id='word_1_102' title='bbox 931 2525 1399 2611; x_wconf 84' lang='lat' dir='ltr'>terminalis</span> <span class='ocrx_word' id='word_1_103' title='bbox 1469 2525 1922 2610; x_wconf 76' lang='lat' dir='ltr'>ventriculi</span> <span class='ocrx_word' id='word_1_104' title='bbox 1995 2524 2280 2611; x_wconf 83' lang='lat' dir='ltr'>dextri</span> <span class='ocrx_word' id='word_1_105' title='bbox 2351 2524 2644 2633; x_wconf 60' lang='lat' dir='ltr'>&lt;Tau</span> <span class='ocrx_word' id='word_1_106' title='bbox 2713 2526 2875 2615; x_wconf 86' lang='lat' dir='ltr'>VI.</span> <span class='ocrx_word' id='word_1_107' title='bbox 2950 2534 3159 2639; x_wconf 85' lang='lat'><strong>6.),</strong></span> <span class='ocrx_word' id='word_1_108' title='bbox 3227 2554 3442 2614; x_wconf 85' lang='lat' dir='ltr'>con-</span> 
     </span>
     <span class='ocr_line' id='line_1_18' title="bbox 603 2655 3430 2768; baseline 0.001 -28"><span class='ocrx_word' id='word_1_109' title='bbox 603 2655 975 2740; x_wconf 77' lang='lat' dir='ltr'>tinuatus</span> <span class='ocrx_word' id='word_1_110' title='bbox 1063 2681 1218 2768; x_wconf 86' lang='lat' dir='ltr'>per</span> <span class='ocrx_word' id='word_1_111' title='bbox 1305 2655 1784 2764; x_wconf 84' lang='lat' dir='ltr'>marginem</span> <span class='ocrx_word' id='word_1_112' title='bbox 1871 2656 2511 2766; x_wconf 82' lang='lat' dir='ltr'>prominentem</span> <span class='ocrx_word' id='word_1_113' title='bbox 2596 2656 3052 2743; x_wconf 83' lang='lat' dir='ltr'>ventriculi</span> <span class='ocrx_word' id='word_1_114' title='bbox 3140 2657 3430 2744; x_wconf 89' lang='lat' dir='ltr'>finistri</span> 
     </span>
     <span class='ocr_line' id='line_1_19' title="bbox 603 2780 3436 2901; baseline 0.003 -35"><span class='ocrx_word' id='word_1_115' title='bbox 603 2783 896 2893; x_wconf 76' lang='lat' dir='ltr'><strong>(Tab.</strong></span> <span class='ocrx_word' id='word_1_116' title='bbox 976 2782 1128 2868; x_wconf 84' lang='lat' dir='ltr'>VI.</span> <span class='ocrx_word' id='word_1_117' title='bbox 1202 2789 1286 2868; x_wconf 89' lang='lat'>6.</span> <span class='ocrx_word' id='word_1_118' title='bbox 1359 2788 1561 2893; x_wconf 82' lang='lat'><strong>7.)‚</strong></span> <span class='ocrx_word' id='word_1_119' title='bbox 1629 2803 1717 2868; x_wconf 92' lang='lat' dir='ltr'>et</span> <span class='ocrx_word' id='word_1_120' title='bbox 1771 2784 2126 2895; x_wconf 76' lang='lat' dir='ltr'>&#39;oblique</span> <span class='ocrx_word' id='word_1_121' title='bbox 2197 2784 2469 2870; x_wconf 86' lang='lat' dir='ltr'>flexus</span> <span class='ocrx_word' id='word_1_122' title='bbox 2541 2787 2628 2868; x_wconf 90' lang='lat' dir='ltr'>in</span> <span class='ocrx_word' id='word_1_123' title='bbox 2699 2780 3229 2901; x_wconf 80' lang='lat' dir='ltr'>superiorem</span> <span class='ocrx_word' id='word_1_124' title='bbox 3296 2789 3436 2874; x_wconf 85' lang='lat' dir='ltr'>su-</span> 
     </span>
     <span class='ocr_line' id='line_1_20' title="bbox 603 2910 3430 3026; baseline 0.002 -29"><span class='ocrx_word' id='word_1_125' title='bbox 603 2912 1043 3026; x_wconf 72' lang='lat' dir='ltr'>perficiem</span> <span class='ocrx_word' id='word_1_126' title='bbox 1115 2910 1520 3022; x_wconf 74' lang='lat'>(103.)‚‘</span> <span class='ocrx_word' id='word_1_127' title='bbox 1563 2913 1704 2997; x_wconf 87' lang='lat' dir='ltr'>vbi</span> <span class='ocrx_word' id='word_1_128' title='bbox 1742 2912 1827 2997; x_wconf 88' lang='lat' dir='ltr'>in</span> <span class='ocrx_word' id='word_1_129' title='bbox 1892 2912 2420 3025; x_wconf 78' lang='lat' dir='ltr'>superiorem</span> <span class='ocrx_word' id='word_1_130' title='bbox 2462 2913 2970 3002; x_wconf 78' lang='lat' dir='ltr'>fasciculum</span> <span class='ocrx_word' id='word_1_131' title='bbox 3010 2918 3430 3004; x_wconf 86' lang='lat' dir='ltr'>inseri-tur.</span> 
     </span>
    </p>

    <p class='ocr_par' dir='ltr' id='par_1_9' title="bbox 349 3033 3431 3544">
     <span class='ocr_line' id='line_1_21' title="bbox 349 3033 3431 3160; baseline 0.003 -39"><span class='ocrx_word' id='word_1_132' title='bbox 349 3065 560 3148; x_wconf 79' lang='lat'><strong>104.</strong></span> <span class='ocrx_word' id='word_1_133' title='bbox 627 3041 1116 3128; x_wconf 82' lang='lat' dir='ltr'>Fasciculus</span> <span class='ocrx_word' id='word_1_134' title='bbox 1204 3044 1674 3129; x_wconf 81' lang='lat' dir='ltr'>terminalis</span> <span class='ocrx_word' id='word_1_135' title='bbox 1759 3041 2154 3151; x_wconf 75' lang='lat' dir='ltr'>inferior,</span> <span class='ocrx_word' id='word_1_136' title='bbox 2208 3062 2449 3128; x_wconf 89' lang='lat' dir='ltr'>ortus</span> <span class='ocrx_word' id='word_1_137' title='bbox 2519 3046 2607 3130; x_wconf 91' lang='lat' dir='ltr'>in</span> <span class='ocrx_word' id='word_1_138' title='bbox 2679 3041 3067 3148; x_wconf 81' lang='lat' dir='ltr'>inferiori</span> <span class='ocrx_word' id='word_1_139' title='bbox 3136 3033 3431 3160; x_wconf 83' lang='lat' dir='ltr'>super-</span> 
     </span>
     <span class='ocr_line' id='line_1_22' title="bbox 561 3167 3430 3286; baseline 0.001 -30"><span class='ocrx_word' id='word_1_140' title='bbox 561 3171 788 3257; x_wconf 72' lang='lat' dir='ltr'>-ficie</span> <span class='ocrx_word' id='word_1_141' title='bbox 857 3171 1262 3286; x_wconf 82' lang='lat' dir='ltr'>proxime</span> <span class='ocrx_word' id='word_1_142' title='bbox 1331 3167 1578 3283; x_wconf 88' lang='lat' dir='ltr'>super</span> <span class='ocrx_word' id='word_1_143' title='bbox 1645 3173 2183 3259; x_wconf 79' lang='lat' dir='ltr'>valleculam·</span> <span class='ocrx_word' id='word_1_144' title='bbox 2225 3173 2514 3283; x_wconf 85' lang='lat' dir='ltr'>(Tab.</span> <span class='ocrx_word' id='word_1_145' title='bbox 2588 3174 2751 3261; x_wconf 88' lang='lat' dir='ltr'>VI.</span> <span class='ocrx_word' id='word_1_146' title='bbox 2824 3179 2973 3286; x_wconf 83' lang='lat'>4.)</span> <span class='ocrx_word' id='word_1_147' title='bbox 3014 3233 3045 3281; x_wconf 81' lang='lat'>‚</span> <span class='ocrx_word' id='word_1_148' title='bbox 3147 3178 3430 3264; x_wconf 85' lang='lat' dir='ltr'>con&#39;ti-</span> 
     </span>
     <span class='ocr_line' id='line_1_23' title="bbox 594 3300 3421 3415; baseline 0 -27"><span class='ocrx_word' id='word_1_149' title='bbox 594 3319 901 3388; x_wconf 82' lang='lat' dir='ltr'>nuatus</span> <span class='ocrx_word' id='word_1_150' title='bbox 955 3302 1415 3386; x_wconf 76' lang='lat' dir='ltr'>maximam</span> <span class='ocrx_word' id='word_1_151' title='bbox 1469 3320 1800 3412; x_wconf 85' lang='lat' dir='ltr'>partem</span> <span class='ocrx_word' id='word_1_152' title='bbox 1856 3305 1946 3385; x_wconf 89' lang='lat' dir='ltr'>in</span> <span class='ocrx_word' id='word_1_153' title='bbox 2003 3300 2392 3391; x_wconf 88' lang='lat' dir='ltr'>inferiori</span> <span class='ocrx_word' id='word_1_154' title='bbox 2447 3302 2888 3415; x_wconf 84' lang='lat' dir='ltr'>superficie</span> <span class='ocrx_word' id='word_1_155' title='bbox 2943 3303 3214 3411; x_wconf 86' lang='lat' dir='ltr'>(Tab.</span> <span class='ocrx_word' id='word_1_156' title='bbox 3258 3305 3421 3391; x_wconf 91' lang='lat' dir='ltr'>VI.</span> 
     </span>
     <span class='ocr_line' id='line_1_24' title="bbox 597 3431 3424 3544; baseline 0.002 -31"><span class='ocrx_word' id='word_1_157' title='bbox 597 3434 813 3539; x_wconf 85' lang='lat'>5.)‚</span> <span class='ocrx_word' id='word_1_158' title='bbox 920 3431 1292 3540; x_wconf 88' lang='lat' dir='ltr'>denique</span> <span class='ocrx_word' id='word_1_159' title='bbox 1380 3431 1655 3516; x_wconf 87' lang='lat' dir='ltr'>flexus</span> <span class='ocrx_word' id='word_1_160' title='bbox 1725 3431 1811 3514; x_wconf 91' lang='lat' dir='ltr'>in</span> <span class='ocrx_word' id='word_1_161' title='bbox 1885 3431 2412 3543; x_wconf 89' lang='lat' dir='ltr'>superiorem</span> <span class='ocrx_word' id='word_1_162' title='bbox 2484 3433 2849 3544; x_wconf 74' lang='lat'>(104),</span> <span class='ocrx_word' id='word_1_163' title='bbox 2952 3436 3265 3544; x_wconf 81' lang='lat' dir='ltr'>partim</span> <span class='ocrx_word' id='word_1_164' title='bbox 3322 3435 3424 3519; x_wconf 87' lang='lat' dir='ltr'>in</span> 
     </span>
    </p>

    <p class='ocr_par' dir='ltr' id='par_1_10' title="bbox 489 3559 3422 3776">
     <span class='ocr_line' id='line_1_25' title="bbox 489 3559 3422 3675; baseline 0.002 -33"><span class='ocrx_word' id='word_1_165' title='bbox 489 3583 496 3592; x_wconf 82' lang='grc'><strong><em>·</em></strong></span> <span class='ocrx_word' id='word_1_166' title='bbox 590 3559 1128 3645; x_wconf 80' lang='lat' dir='ltr'>terminalem</span> <span class='ocrx_word' id='word_1_167' title='bbox 1196 3562 1612 3668; x_wconf 83' lang='lat' dir='ltr'>medium,</span> <span class='ocrx_word' id='word_1_168' title='bbox 1678 3562 1990 3673; x_wconf 78' lang='lat' dir='ltr'>partim</span> <span class='ocrx_word' id='word_1_169' title='bbox 2055 3562 2147 3644; x_wconf 91' lang='lat' dir='ltr'>in</span> <span class='ocrx_word' id='word_1_170' title='bbox 2185 3561 2715 3673; x_wconf 87' lang='lat' dir='ltr'>superiorem</span> <span class='ocrx_word' id='word_1_171' title='bbox 2768 3580 2960 3648; x_wconf 80' lang='lat' dir='ltr'>ante</span> <span class='ocrx_word' id='word_1_172' title='bbox 2997 3564 3422 3675; x_wconf 82' lang='lat' dir='ltr'>medium,</span> 
     </span>
     <span class='ocr_line' id='line_1_26' title="bbox 591 3690 2597 3776; baseline 0.004 -4"><span class='ocrx_word' id='word_1_173' title='bbox 591 3690 1009 3776; x_wconf 83' lang='lat' dir='ltr'>inseritur.</span> <span class='ocrx_word' id='word_1_174' title='bbox 2588 3719 2597 3726; x_wconf 73' lang='grc'><strong>’</strong></span> 
     </span>
    </p>

    <p class='ocr_par' dir='ltr' id='par_1_11' title="bbox 347 3818 3419 4845">
     <span class='ocr_line' id='line_1_27' title="bbox 347 3818 3419 3946; baseline 0.001 -46"><span class='ocrx_word' id='word_1_175' title='bbox 347 3840 548 3922; x_wconf 82' lang='grc' dir='ltr'><strong><em>ιο5.</em></strong></span> <span class='ocrx_word' id='word_1_176' title='bbox 632 3827 837 3904; x_wconf 86' lang='lat'><strong>106.</strong></span> <span class='ocrx_word' id='word_1_177' title='bbox 941 3818 1242 3906; x_wconf 85' lang='lat' dir='ltr'>Portio</span> <span class='ocrx_word' id='word_1_178' title='bbox 1341 3820 1727 3946; x_wconf 83' lang='lat' dir='ltr'>superior</span> <span class='ocrx_word' id='word_1_179' title='bbox 1837 3822 2280 3909; x_wconf 84' lang='lat' dir='ltr'>dexterior</span> <span class='ocrx_word' id='word_1_180' title='bbox 2382 3819 2668 3933; x_wconf 81' lang='lat' dir='ltr'><strong>(Tab.</strong></span> <span class='ocrx_word' id='word_1_181' title='bbox 2742 3819 2904 3909; x_wconf 89' lang='lat' dir='ltr'>VI.</span> <span class='ocrx_word' id='word_1_182' title='bbox 2979 3831 3126 3931; x_wconf 81' lang='lat'>7&#39;5.</span> <span class='ocrx_word' id='word_1_183' title='bbox 3201 3826 3351 3932; x_wconf 91' lang='lat'>76.</span> <span class='ocrx_word' id='word_1_184' title='bbox 3374 3820 3419 3933; x_wconf 96' lang='lat'><em>)</em></span> 
     </span>
     <span class='ocr_line' id='line_1_28' title="bbox 591 3941 3415 4060; baseline -0.002 -25"><span class='ocrx_word' id='word_1_185' title='bbox 591 3947 767 4035; x_wconf 91' lang='lat' dir='ltr'>foci</span> <span class='ocrx_word' id='word_1_186' title='bbox 835 3946 1263 4035; x_wconf 84' lang='lat' dir='ltr'>inferioris</span> <span class='ocrx_word' id='word_1_187' title='bbox 1335 3951 1625 4059; x_wconf 86' lang='lat' dir='ltr'>(Tab.</span> <span class='ocrx_word' id='word_1_188' title='bbox 1703 3952 1858 4040; x_wconf 87' lang='lat' dir='ltr'>VI.</span> <span class='ocrx_word' id='word_1_189' title='bbox 1939 3977 2083 4055; x_wconf 86' lang='lat'>52.</span> <span class='ocrx_word' id='word_1_190' title='bbox 2161 3976 2308 4054; x_wconf 81' lang='lat'>53.</span> <span class='ocrx_word' id='word_1_191' title='bbox 2385 3974 2533 4054; x_wconf 89' lang='grc'><strong><em>55.</em></strong></span> <span class='ocrx_word' id='word_1_192' title='bbox 2610 3957 2760 4044; x_wconf 79' lang='lat'>68.</span> <span class='ocrx_word' id='word_1_193' title='bbox 2834 3957 2982 4055; x_wconf 89' lang='lat'>69.</span> <span class='ocrx_word' id='word_1_194' title='bbox 3058 3941 3206 4059; x_wconf 83' lang='grc'>72.</span> <span class='ocrx_word' id='word_1_195' title='bbox 3258 3958 3415 4060; x_wconf 92' lang='lat'>75.</span> 
     </span>
     <span class='ocr_line' id='line_1_29' title="bbox 593 4079 3416 4200; baseline 0.002 -41"><span class='ocrx_word' id='word_1_196' title='bbox 593 4079 850 4188; x_wconf 88' lang='lat'><strong>76).</strong></span> <span class='ocrx_word' id='word_1_197' title='bbox 986 4079 1426 4164; x_wconf 87' lang='lat' dir='ltr'>Nimirum</span> <span class='ocrx_word' id='word_1_198' title='bbox 1512 4081 1747 4166; x_wconf 90' lang='lat' dir='ltr'>sedes</span> <span class='ocrx_word' id='word_1_199' title='bbox 1839 4083 2106 4167; x_wconf 86' lang='lat' dir='ltr'>centri</span> <span class='ocrx_word' id='word_1_200' title='bbox 2181 4081 2582 4200; x_wconf 88' lang='lat' dir='ltr'>focorum</span> <span class='ocrx_word' id='word_1_201' title='bbox 2650 4082 3140 4165; x_wconf 86' lang='lat' dir='ltr'>communis</span> <span class='ocrx_word' id='word_1_202' title='bbox 3212 4106 3416 4170; x_wconf 90' lang='lat' dir='ltr'>cum</span> 
     </span>
     <span class='ocr_line' id='line_1_30' title="bbox 583 4205 3413 4323; baseline 0.001 -32"><span class='ocrx_word' id='word_1_203' title='bbox 583 4205 920 4293; x_wconf 73' lang='lat' dir='ltr'>sedibus</span> <span class='ocrx_word' id='word_1_204' title='bbox 987 4211 1386 4320; x_wconf 88' lang='lat' dir='ltr'>vtrinque</span> <span class='ocrx_word' id='word_1_205' title='bbox 1455 4212 1760 4295; x_wconf 75' lang='lat' dir='ltr'>vicinis</span> <span class='ocrx_word' id='word_1_206' title='bbox 1831 4235 2176 4299; x_wconf 77' lang='lat' dir='ltr'>crenam</span> <span class='ocrx_word' id='word_1_207' title='bbox 2246 4231 2334 4295; x_wconf 87' lang='lat' dir='ltr'>et</span> <span class='ocrx_word' id='word_1_208' title='bbox 2403 4209 2628 4297; x_wconf 78' lang='lat' dir='ltr'>bafin</span> <span class='ocrx_word' id='word_1_209' title='bbox 2695 4210 2981 4294; x_wconf 84' lang='lat' dir='ltr'>versus</span> <span class='ocrx_word' id='word_1_210' title='bbox 3051 4210 3413 4323; x_wconf 88' lang='lat' dir='ltr'>oblique</span> 
     </span>
     <span class='ocr_line' id='line_1_31' title="bbox 585 4336 3414 4455; baseline 0.001 -34"><span class='ocrx_word' id='word_1_211' title='bbox 585 4339 672 4421; x_wconf 90' lang='lat' dir='ltr'>in</span> <span class='ocrx_word' id='word_1_212' title='bbox 745 4336 1270 4449; x_wconf 87' lang='lat' dir='ltr'>superiorem</span> <span class='ocrx_word' id='word_1_213' title='bbox 1336 4343 1739 4426; x_wconf 66' lang='lat' dir='ltr'>reti-austae</span> <span class='ocrx_word' id='word_1_214' title='bbox 1807 4340 1996 4426; x_wconf 86' lang='lat' dir='ltr'>sunt</span> <span class='ocrx_word' id='word_1_215' title='bbox 2062 4339 2639 4455; x_wconf 80' lang='lat' dir='ltr'>superficiem,</span> <span class='ocrx_word' id='word_1_216' title='bbox 2709 4358 2948 4426; x_wconf 84' lang='lat' dir='ltr'>vt-et</span> <span class='ocrx_word' id='word_1_217' title='bbox 2989 4336 3238 4426; x_wconf 93' lang='lat' dir='ltr'>focus</span> <span class='ocrx_word' id='word_1_218' title='bbox 3281 4340 3414 4424; x_wconf 88' lang='lat' dir='ltr'>su-</span> 
     </span>
     <span class='ocr_line' id='line_1_32' title="bbox 586 4463 3413 4580; baseline 0.001 -30"><span class='ocrx_word' id='word_1_219' title='bbox 586 4463 909 4580; x_wconf 77' lang='lat' dir='ltr'>perior,</span> <span class='ocrx_word' id='word_1_220' title='bbox 944 4488 1032 4552; x_wconf 90' lang='lat' dir='ltr'>et</span> <span class='ocrx_word' id='word_1_221' title='bbox 1098 4487 1490 4553; x_wconf 85' lang='lat' dir='ltr'>centrum</span> <span class='ocrx_word' id='word_1_222' title='bbox 1558 4495 2084 4578; x_wconf 83' lang='lat' dir='ltr'>commune,·</span> <span class='ocrx_word' id='word_1_223' title='bbox 2128 4489 2216 4555; x_wconf 80' lang='lat' dir='ltr'>et</span> <span class='ocrx_word' id='word_1_224' title='bbox 2253 4470 2506 4555; x_wconf 88' lang='lat' dir='ltr'>huius</span> <span class='ocrx_word' id='word_1_225' title='bbox 2564 4470 2997 4556; x_wconf 82' lang='lat' dir='ltr'>connexio</span> <span class='ocrx_word' id='word_1_226' title='bbox 3038 4477 3234 4554; x_wconf 82' lang='lat' dir='ltr'>cum</span> <span class='ocrx_word' id='word_1_227' title='bbox 3274 4468 3413 4554; x_wconf 83' lang='lat' dir='ltr'>fo·-</span> 
     </span>
     <span class='ocr_line' id='line_1_33' title="bbox 583 4599 3406 4713; baseline 0.001 -33"><span class='ocrx_word' id='word_1_228' title='bbox 583 4621 696 4680; x_wconf 92' lang='lat' dir='ltr'>co</span> <span class='ocrx_word' id='word_1_229' title='bbox 779 4615 1203 4709; x_wconf 67' lang='lat' dir='ltr'>Vtroque,</span> <span class='ocrx_word' id='word_1_230' title='bbox 1272 4600 1358 4681; x_wconf 92' lang='lat' dir='ltr'>in</span> <span class='ocrx_word' id='word_1_231' title='bbox 1427 4599 1681 4684; x_wconf 91' lang='lat' dir='ltr'>icone</span> <span class='ocrx_word' id='word_1_232' title='bbox 1747 4601 2355 4713; x_wconf 80' lang='lat' dir='ltr'>repraesentari</span> <span class='ocrx_word' id='word_1_233' title='bbox 2423 4601 2698 4713; x_wconf 84' lang='lat' dir='ltr'>poffit.</span> <span class='ocrx_word' id='word_1_234' title='bbox 2835 4599 3406 4710; x_wconf 82' lang='lat' dir='ltr'>Eaedumque</span> 
     </span>
     <span class='ocr_line' id='line_1_34' title="bbox 585 4723 3405 4870; baseline 0.001 -59"><span class='ocrx_word' id='word_1_235' title='bbox 585 4723 824 4814; x_wconf 83' lang='lat' dir='ltr'>sedes</span> <span class='ocrx_word' id='word_1_236' title='bbox 907 4726 1158 4814; x_wconf 85' lang='lat' dir='ltr'>fimili</span> <span class='ocrx_word' id='word_1_237' title='bbox 1242 4730 1574 4816; x_wconf 82' lang='lat' dir='ltr'>ratione</span> <span class='ocrx_word' id='word_1_238' title='bbox 1653 4730 1744 4838; x_wconf 84' lang='lat' dir='ltr'>in</span> <span class='ocrx_word' id='word_1_239' title='bbox 1827 4726 2328 4816; x_wconf 83' lang='lat' dir='ltr'>inferiorem</span> <span class='ocrx_word' id='word_1_240' title='bbox 2396 4727 2937 4870; x_wconf 86' lang='lat' dir='ltr'>superficiem</span> <span class='ocrx_word' id='word_1_241' title='bbox 3002 4731 3405 4817; x_wconf 62' lang='lat' dir='ltr'>tetradiae</span> 
     </span>
    </p>
   </div>
   <div class='ocr_carea' id='block_1_8' title="bbox 358 4847 3409 4965">
    <p class='ocr_par' dir='ltr' id='par_1_12' title="bbox 358 4847 3409 4965">
     <span class='ocr_line' id='line_1_35' title="bbox 358 4847 3409 4965; baseline -0.003 -13"><span class='ocrx_word' id='word_1_242' title='bbox 358 4919 370 4935; x_wconf 57' lang='grc' dir='ltr'>ι</span> <span class='ocrx_word' id='word_1_243' title='bbox 467 4929 503 4953; x_wconf 78' lang='lat'><strong>.</strong></span> <span class='ocrx_word' id='word_1_244' title='bbox 1779 4847 1994 4954; x_wconf 83' lang='lat' dir='ltr'>Dd</span> <span class='ocrx_word' id='word_1_245' title='bbox 2015 4885 2079 4965; x_wconf 79' lang='lat'><strong>3</strong></span> <span class='ocrx_word' id='word_1_246' title='bbox 3221 4861 3409 4945; x_wconf 88' lang='lat' dir='ltr'>sunt</span> 
     </span>
    </p>
   </div>
  </div>
 </body>
</html>
